2984 3600
1387 333 1708 381 ..9-

1205 473 1232 504 ³⁹
1478 470 1517 529 S.
1554 471 1597 517 5.

602 548 754 605 >Quod
784 547 845 598 de
874 549 1150 596 substantivis
1191 548 1421 595 vocabulis
1462 546 1611 613 μόρος
1655 562 1701 596 et
1729 548 1882 612 μοῖρα
1915 549 2084 595 dictum
2117 562 2209 605 est,
2256 549 2384 596 idem
2425 549 2484 595 de
2521 550 2602 595 de-

485 635 636 677 rivati-
665 632 848 676 vocibus
880 646 926 677 et
959 632 1212 695 compositio
1243 629 1376 678 valet.
1440 630 1514 677 De
1548 629 1710 693 quibus
1742 630 1882 678 rebus
1915 644 1964 679 ut
2005 631 2073 678 via
2113 644 2158 679 et
2196 632 2372 680 ratione.
2431 643 2599 696 agatur,

487 715 650 778 triplex
678 714 759 760 illa
794 718 1053 779 significatio
1089 713 1430 778 comprobanda
1464 726 1542 759 est.

622 803 661 843 1.
732 799 1065 864 Qualiscumque
1096 800 1166 844 rei
1195 799 1469 863 partieiPem
1502 796 1701 859 aliquem
1730 813 1828 841 esse
1863 795 2143 859 significatur.

618 879 660 938 a)
694 876 933 946 ἄμμορος,
976 897 1075 926 non
1103 885 1362 944 particeps,-
1395 897 1486 945 quo
1521 896 1654 925 sensu
1688 878 1746 923 de
1773 880 1912 924 Arcto
1947 878 2113 924 dicitur
2130 911 2145 932 ,
2172 880 2226 924 Jl.
2261 894 2312 935 σ,
2341 879 2452 928 489.

746 1008 750 1015 ,
883 963 962 1016 οἰη
996 956 1044 1007 δ’
1077 953 1301 1028 ἄμμορός
1332 963 1446 1009 ἐστι
1478 961 1687 1028 λοετρῶν
1722 959 1989 1010 Ὠκεανοῖο.

613 1044 664 1103 b)
699 1036 918 1108 ἔμμορος,
936 1048 1182 1110 particeps,
1217 1060 1266 1094 ut
1282 1047 1370 1096 od.
1390 1045 1564 1104 SASO.
1598 1038 1761 1091 ἀοιδοὶ
1786 1046 1927 1106 τιμῆς
1956 1039 2161 1110 ἔμμοροί
2188 1044 2289 1090 εἰσι
2310 1043 2392 1089 καὶ
2411 1040 2594 1099 αἰδοῦς.

616 1126 660 1184 c)
694 1124 932 1192 ἰσόμορον
964 1129 1198 1193 Neptunus
1232 1146 1281 1175 se
1314 1142 1443 1176 vocat
1475 1130 1549 1189 (Π.
1583 1143 1626 1184 0,
1661 1124 1820 1189 209),
1859 1130 1985 1192 quod
2023 1147 2125 1173 eum
2168 1129 2363 1173 mundus
2398 1132 2515 1174 inter
2548 1150 2593 1175 se

480 1210 731 1273 fratresque
769 1210 1066 1267 divideretur,
1100 1230 1177 1258 sua
1208 1214 1294 1260 sihi
1327 1232 1431 1277 pars
1466 1194 1608 1276 {equa
1640 1212 1804 1257 tributa
1830 1213 1898 1258 sit.

615 1292 658 1339 2.
724 1294 925 1339 Deorum
955 1294 1140 1341 consilio
1175 1296 1347 1360 aliquid
1380 1297 1595 1343 tributum
1631 1314 1729 1342 esse
1765 1295 1998 1342 indicatur.

610 1371 653 1428 a)
687 1369 947 1437 αἱνόμορος
978 1376 1016 1421 is
1047 1376 1224 1433 dicitur,
1260 1380 1332 1424 eui
1363 1381 1524 1425 misera
1553 1396 1648 1425 sors
1683 1398 1708 1424 a
1744 1379 1827 1424 diis
1859 1380 2092 1424 constituta
2130 1391 2195 1423 est
2223 1379 2248 1422 i.
2276 1396 2314 1423 e.
2349 1379 2470 1440 gravi
2505 1377 2597 1423 fato

481 1472 683 1518 pressus,
718 1469 767 1501 ut
800 1457 888 1502 Od.
919 1474 967 1516 ι,
1003 1461 1085 1508 53.

1021 1538 1139 1584 τότε
1176 1535 1235 1593 δή
1269 1540 1336 1604 ῥα
1367 1540 1487 1592 κακὴ
1521 1538 1639 1593 Διὸς
1673 1534 1802 1585 αἶσα
1831 1538 2055 1602 παρέστη

756 1622 871 1682 ἡμῖν
905 1621 1272 1685 αἰνομόροισιν,
1307 1618 1372 1669 ἵν’
1405 1613 1556 1685 ἄλγεα
1589 1621 1755 1668 πολλὰ
1790 1622 2053 1682 πάθοιμεν.

610 1702 937 1769 1))κάμμορος
993 1703 1297 1767 (κακόμορος)
1347 1724 1449 1751 eum
1484 1707 1719 1767 significat,
1776 1708 1854 1767 qui
1886 1706 2055 1749 infelici
2101 1705 2186 1748 fato
2228 1706 2458 1765 premitur.
2532 1707 2595 1749 Ita

481 1784 600 1847 apud
633 1786 801 1831 inferos
837 1787 1046 1849 Ulyssem
1078 1802 1224 1834 mater
1256 1788 1519 1851 alloquitur,
1555 1788 1641 1833 Od.
1677 1787 1722 1841 λ,
1762 1787 1870 1834 216.

741 1864 774 1914 ὦ
807 1886 911 1931 μοι,
947 1870 1116 1917 τέκνον
1153 1870 1300 1932 ἐμόν,
1335 1870 1442 1937 περὶ
1476 1871 1669 1919 πάντων
1703 1871 1920 1934 κάμμορε
1952 1872 2135 1931 φωτῶν.

610 1952 651 2009 c)
687 1952 896 2016 μόριμον
934 1969 1000 2001 est
1033 1957 1121 2001 fato
1169 1957 1460 2011 destinatum,
1505 1975 1529 1999 a
1570 1957 1654 2001 diis
1699 1957 1871 2012 datum3
1928 1974 2015 2017 qua
2061 1955 2379 2016 significatione
2428 1955 2590 2015 legitur

477 2036 531 2078 Jl.
567 2051 608 2091 v,
646 2037 755 2084 302.
790 2035 1001 2102 μόριμον
1037 2034 1092 2084 δέ
1124 2037 1171 2083 οἵ
1206 2040 1316 2083 ἐστ’
1349 2037 1618 2085 ἀλέασθαι.

609 2118 657 2174 d)
694 2116 934 2181 μόρσιμος
986 2121 1174 2166 eandem
1223 2124 1311 2167 vim
1349 2123 1508 2175 hahet,
1555 2137 1602 2168 ut
1657 2139 1794 2185 quum
1829 2121 1886 2166 de
1922 2124 2078 2166 marito
2116 2121 2297 2172 dicitur,
2351 2137 2483 2180 quem
2528 2120 2590 2162 dii

486 2201 617 2246 alicui
646 2203 691 2245 in
726 2204 1055 2248 matrimonium
1091 2205 1434 2259 constituerunt,
1471 2205 1557 2249 Od.
1593 2220 1642 2256 π,
1679 2204 1787 2249 392·

1758 2283 1784 2336 ἡ
1820 2278 1873 2329 δέ
1907 2283 1950 2328 κ’
1983 2270 2150 2328 ἔπειτα

739 2365 956 2426 γήμαιθ’,
986 2362 1036 2419 ὅς
1069 2382 1119 2411 κε
1154 2367 1372 2413 πλεῖστα
1401 2365 1572 2429 πόροι,
1603 2364 1685 2409 καὶ
1721 2364 1960 2429 μόρσιμος
1995 2362 2146 2409 ἕλΞ-οι.

479 2449 571 2493 Csr.
601 2450 656 2494 Jl.
692 2465 740 2506 τ,
770 2449 878 2497 417.

609 2532 651 2589 e)
688 2529 945 2599 δύσμορος,
979 2538 1170 2579 miseriis
1201 2535 1410 2595 afflictus,
1442 2533 1603 2577 dicitur
1639 2547 1772 2591 saepe
1809 2529 1990 2591 Ulysses
2027 2526 2134 2587 (Od.
2173 2544 2218 2584 α,
2251 2527 2326 2573 49.
2377 2544 2436 2581 π,
2482 2528 2586 2572 139.

477 2631 527 2670 ω,
557 2615 710 2673 311.),
769 2620 839 2663 eui
869 2636 940 2664 res
973 2619 1177 2666 adversas
1213 2636 1321 2680 prae
1371 2617 1530 2661 ceteris
1568 2613 1630 2656 dii
1674 2613 1968 2657 destinarunt.

609 2701 654 2758 f)
689 2702 813 2746 Hanc
850 2705 974 2765 quasi
991 2702 1191 2766 regulam
1222 2715 1395 2747 secutus
1420 2701 1696 2761 interpretor
1729 2714 1886 2743 vocem
1909 2691 2122 2757 ἄμμορος
2149 2696 2237 2737 sive
2258 2687 2452 2755 ἄμορος,
2473 2711 2588 2755 quae

479 2796 649 2829 constat
684 2801 736 2828 ex
771 2799 803 2828 α
827 2795 869 2829 et
888 2782 1052 2847 μόρος.
1111 2787 1171 2830 At
1204 2800 1251 2839 α,
1277 2784 1398 2847 quod
1422 2783 1685 2845 privativum
1715 2780 1845 2841 vulgo
1878 2791 2055 2829 vocant,
2091 2793 2244 2819 vocem
2280 2779 2463 2819 notione
2499 2792 2588 2819 non

476 2866 620 2928 privat
655 2866 809 2918 solum,
844 2866 926 2910 sed
959 2867 1184 2911 interdum
1220 2868 1462 2920 notionem,
1495 2881 1607 2926 quae
1642 2881 1752 2908 voce
1792 2863 2055 2910 continetur,
2085 2861 2243 2903 minuit
2267 2877 2456 2922 eamque
2480 2876 2589 2921 per-

477 2963 630 3006 peram
661 2964 706 2991 se
740 2947 906 2991 habere
943 2946 1125 2993 indicat.
1194 2948 1320 3000 Nam,
1348 2958 1397 2990 ut
1428 2945 1641 3008 exemplis
1676 2958 1863 2998 utamur,
1898 2940 2106 3004 ἀβουλία
2144 2942 2263 2986 idem
2299 2943 2426 2996 valet,
2464 2942 2586 3003 quod

2294 3025 2320 3052 o

2294 3056 2323 3068 u
