2984 3600
1420 329 1484 339 -
1555 311 1585 358 7
1653 329 1721 339 ...-

574 443 729 493 “Sed
760 454 811 492 nt
828 440 971 491 >heile
1010 439 1414 512 imelliginoces
1445 441 1548 490 illu
1590 444 1791 510 primum
1834 441 2092 507 generalem
2135 441 2369 489 notionem
2409 438 2630 487 indicasse

500 539 642 591 etque
659 523 885 578 madium
894 509 1288 590 nignffichfionefit,
1326 541 1449 590 qm
1478 527 1541 572 in
1571 527 1749 576 bonam
1792 543 1942 592 aeque
1985 545 2038 573 ae
2066 526 2236 574 malam
2262 539 2442 590 partem
2483 526 2628 587 accipi

499 609 725 682 pom-rit,
762 608 826 656 itt
850 605 1137 673 plerumque
1145 623 1311 664 μω
1323 606 1506 673 medipe
1549 609 1600 655 in
1631 608 1893 657 alta-mam
1937 610 2221 670 potissimum
2253 607 2627 679 significationem

498 708 566 739 σο
560 686 815 746 ἶΠΘῙΠΙΒῑ,
850 705 929 738 eae
960 704 1115 748 vero,
1110 704 1236 756 ,ΨΒ
1259 691 1741 749 mmmmm,
1772 693 1825 735 in
1853 691 2023 736 bonnm
2053 705 2229 753 partem
2261 710 2365 738 raro
2398 692 2629 753 interpre-

500 771 664 823 nudae
696 787 810 822 sunt.
875 776 1150 840 Proepemm
1177 786 1331 822 nmen
1357 772 1588 821 sormam
1612 774 1778 839 μοῖρα
1795 772 1975 819 indicat
2004 774 2061 817 Π.
2092 789 2144 834 γ,
2182 777 2300 823 182

759 894 796 928 ω
824 877 994 947 μάκαρ
1018 863 1276 945 Ἀτρείδή,
1303 877 1598 951 μοιρηγενές,
1627 874 1980 946 ὀλβιόδαιμονὶ

502 996 545 1028 et
578 980 664 1029 oa
700 997 757 1039 υ,
792 981 869 1030 76.
1323 964 1326 967 ’

1223 1072 1253 1121 ὀ
1288 1071 1448 1139 (Ζεὺς)
1481 1071 1574 1140 γάρ
1606 1071 1655 1121 τ’
1688 1067 1745 1121 εὖ
1776 1066 1911 1121 οἶδεν
1940 1069 2161 1136 ἅπαντα,

761 1167 943 1234 μοῖράν
977 1167 1027 1215 τ’
1057 1165 1302 1235 ἀμμορίην
1336 1185 1392 1217 τε
1424 1170 1751 1236 καταθνητῶν
1783 1166 2066 1238 ἀνθρώπων.

504 1279 605 1334 Quo
640 1274 743 1322 loco
774 1277 947 1340 antiqui
981 1276 1162 1339 μοῖραν
1193 1288 1319 1322 recte
1352 1276 1707 1339 interpretantur
1751 1270 2074 1338 εὐδαιμονίαν
2102 1272 2189 1322 καὶ
2221 1272 2481 1342 εὐτυχίαν.
2535 1278 2627 1323 Csr.

496 1361 694 1405 Eustath.
729 1359 788 1405 ad
822 1359 911 1405 Od.
940 1378 989 1424 p.
1026 1360 1169 1415 1883,
1203 1359 1281 1407 52.
1346 1358 1620 1423 Plerumque
1653 1362 1702 1405 in
1743 1359 1908 1405 malam
1942 1360 2313 1425 significationem
2355 1377 2488 1408 voces
2523 1361 2627 1405 illae

497 1443 704 1488 abierunt
746 1444 936 1507 ipsaque
987 1442 1053 1487 vis
1087 1440 1146 1486 ad
1176 1440 1286 1487 deos
1318 1440 1541 1496 refertur,
1587 1441 1666 1503 qui
1701 1443 1929 1496 omnium,
1973 1458 2087 1504 quae
2129 1443 2387 1488 hominibus
2420 1445 2629 1489 tribuun-

496 1542 582 1584 tur,
616 1541 818 1574 auctores
854 1526 1170 1572 existimantur.
1238 1525 1396 1589 Itaque
1425 1525 1580 1590 μοῖρα
1611 1522 1670 1569 ad
1705 1521 1814 1569 deos
1848 1524 2046 1587 pertinet
2080 1523 2187 1583 (Od.
2208 1540 2262 1589 χ,
2286 1522 2431 1583 413.),
2469 1545 2493 1572 a
2523 1530 2625 1591 qui-

493 1613 578 1656 bus
613 1613 766 1676 generi
799 1611 995 1657 humano
1030 1610 1267 1663 tribuitur,
1318 1607 1524 1672 adeoque
1554 1607 1640 1653 dea
1671 1607 1787 1653 facta
1823 1620 1889 1654 est
1921 1604 1995 1670 (Jl.
2030 1622 2080 1666 ω,
2117 1608 2245 1666 209.)
2292 1622 2337 1654 et
2371 1627 2474 1655 cum
2507 1612 2625 1666 Iove,

494 1694 686 1740 deorum
729 1697 1064 1757 potentissimo,
1119 1694 1357 1740 coniuncta
1399 1692 1473 1752 (Ji.
1507 1708 1569 1750 τ,
1605 1689 1704 1753 87.)
1738 1690 1791 1750 *).
1894 1690 2067 1749 Quodsi
2115 1691 2172 1738 de
2218 1692 2297 1738 fati
2348 1692 2628 1756 deorumque

495 1790 654 1822 natura
683 1779 882 1839 quaeriS,
912 1795 1006 1823 non
1036 1776 1167 1821 facile
1203 1778 1443 1839 quisquam
1475 1778 1713 1839 probabit,
1749 1777 1868 1821 Iovis
1903 1775 2117 1822 voluntati
2152 1792 2204 1821 ac
2238 1778 2464 1839 potentiae
2501 1794 2626 1822 seve-

494 1878 589 1904 ram
623 1861 849 1923 quandam
893 1875 936 1906 et
974 1859 1301 1906 inexorabilem
1342 1859 1420 1905 fati
1472 1861 1562 1907 vim
1595 1861 1835 1907 obnoxiam
1870 1876 1979 1907 esse.
2049 1859 2129 1905 Sin
2175 1876 2281 1905 vero
2331 1861 2624 1905 humanarum

494 1961 646 1988 rerum
675 1947 1039 2008 procurationem
1071 1946 1120 1987 in
1157 1943 1242 1988 diis
1278 1956 1543 2006 spectamus,
1574 1961 1723 2006 neque
1760 1944 1882 1989 omni
1909 1944 2135 1989 curatione
2168 1956 2211 1989 et
2241 1943 2621 1990 administratione

494 2042 647 2072 rerum
682 2044 839 2072 vacare
875 2044 974 2081 eos,
1010 2045 1161 2090 neque
1198 2040 1353 2071 contra
1376 2045 1401 2069 a
1428 2029 1655 2090 principio
1692 2028 1841 2072 omnia
1876 2028 2154 2072 constituisse
2191 2040 2235 2073 et
2268 2028 2315 2072 in
2348 2044 2479 2073 omne
2515 2040 2623 2073 tem·

494 2128 578 2172 pus
614 2109 887 2173 disposuisse
924 2123 968 2158 et
998 2113 1233 2168 tribuisse,
1279 2112 1467 2156 Homeri
1514 2114 1711 2156 carmina
1745 2111 1922 2157 docent.
2006 2111 2165 2173 Neque
2201 2112 2319 2156 enim
2349 2112 2464 2157 Iovis
2511 2110 2621 2156 alio-

493 2211 685 2255 rumque
721 2193 911 2239 deorum
944 2208 1103 2241 natura
1145 2194 1275 2242 certis
1321 2194 1485 2242 finibus
1531 2195 1870 2258 circumscripta
1906 2207 1995 2247 est,
2045 2195 2254 2255 quoniam
2287 2194 2505 2237 humanae
2540 2213 2622 2237 na-

494 2291 619 2322 turae
655 2277 937 2322 imbecillitas
974 2288 1019 2323 et
1048 2278 1272 2323 temeritas
1307 2278 1367 2324 ita
1401 2279 1623 2341 permixta
1668 2290 1735 2324 est
1770 2294 1872 2323 cum
1907 2278 2094 2322 deorum
2123 2279 2440 2322 immortalium
2475 2283 2618 2341 gravi-

564 2436 597 2482 ¹)
624 2435 680 2471 Ad
708 2434 859 2470 eandem
882 2435 1057 2470 rationem
1076 2434 1194 2471 resero
1222 2434 1317 2470 illud
1345 2434 1437 2484 ὑπὲρ
1465 2434 1589 2483 μόρον
1612 2435 1674 2482 (Jl.
1700 2448 1743 2483 φ,
1768 2438 1849 2482 5ι7.
1876 2435 1943 2469 Od.
1969 2449 2004 2477 α,
2030 2436 2087 2481 34.
2115 2438 2171 2471 35.
2199 2447 2227 2476 ε,
2254 2438 2363 2483 436),
2389 2438 2488 2483 quod
2514 2439 2617 2471 Wol-

634 2498 703 2533 fius
730 2498 878 2545 quidem
903 2509 1044 2545 semper
1075 2509 1149 2533 uno
1188 2499 1367 2532 vocabulo
1392 2504 1662 2544 repraesentat,
1701 2500 1782 2533 aliis
1819 2505 1984 2533 veterum
2030 2502 2339 2544 grammaticorum
2376 2502 2615 2547 probantibus

631 2563 810 2609 (Eustath.
840 2564 885 2598 ad
911 2563 978 2597 Od.
1003 2575 1039 2611 p.
1072 2565 1170 2609 1387,
1195 2566 1268 2610 64.)
1286 2590 1295 2606 ,
1321 2564 1401 2599 aliis
1428 2562 1732 2598 dissentientibus
1757 2562 1882 2610 (schol.
1908 2563 1953 2597 ad
1979 2562 2050 2600 Od.
2076 2577 2123 2607 α,
2149 2563 2233 2612 35.).
2282 2563 2385 2611 Quae
2409 2571 2619 2601 controver-

628 2627 684 2660 sia
708 2638 927 2673 quamquam
953 2638 1027 2660 uon
1055 2628 1254 2672 gravissimi
1279 2627 1455 2661 momenti
1484 2632 1562 2669 est,
1582 2632 1705 2661 tamen
1728 2639 1809 2661 meo
1836 2626 1984 2673 quidem
2008 2627 2144 2662 iudicio
2168 2628 2218 2662 ita
2247 2633 2301 2663 est
2324 2636 2550 2676 comparata,
2577 2636 2619 2665 ut

629 2701 735 2725 voces
762 2690 1003 2736 seiungendas
1029 2702 1106 2726 esse
1132 2689 1293 2725 arbitrer.
1345 2690 1435 2725 Nam
1460 2692 1491 2725 si
1518 2690 1729 2726 adverbium
1752 2690 1950 2740 ὑπέρμορα
1995 2691 2057 2739 (Jl.
2078 2694 2112 2737 β,
2144 2693 2231 2739 155.)
2272 2692 2426 2727 suadere
2459 2694 2616 2737 videtur,

628 2759 670 2790 ut
693 2754 922 2802 copulentur,
949 2755 1033 2799 alia,
1061 2756 1116 2790 uti
1142 2753 1236 2804 ὑπὲρ
1260 2761 1401 2805 μοῖραν
1424 2755 1487 2801 (Jl.
1514 2769 1549 2799 υ,
1575 2755 1685 2801 336.),
1712 2753 1808 2801 ὑπὲρ
1835 2754 1951 2789 αἶσαν
1975 2754 2038 2800 (Jl-
2062 2766 2102 2795 π,
2130 2756 2235 2799 780·)‚
2259 2767 2355 2802 quae
2379 2758 2438 2792 vel
2458 2759 2614 2795 Wolfius

630 2820 814 2862 seiunxit,
843 2825 885 2855 ut
909 2820 1180 2865 distrahantur,
1204 2832 1319 2868 paene
1342 2820 1481 2856 iubent.
1528 2821 1729 2866 Oppositae
1755 2824 1840 2853 sunt
1865 2818 2042 2852 dictiones
2069 2821 2149 2854 κατ’
2175 2819 2314 2862 αἶσαν.
2340 2822 2388 2858 Jl.
2414 2837 2451 2871 y,
2477 2824 2533 2872 59.

1016 2886 1101 2922 ἐπεί
1121 2897 1170 2935 με
1192 2887 1270 2921 κατ’
1299 2884 1417 2922 αἶσαν
1442 2886 1653 2927 ἐνείκεσας,
1680 2884 1761 2919 οὐδ’
1792 2883 1885 2929 ὑπὲρ
1915 2882 2059 2926 αἶσαν,

626 2947 756 2983 itidem
782 2945 876 2983 κατὰ
901 2953 1069 2996 μοῖραν,
1097 2959 1137 2986 ut
1168 2963 1239 2995 par
1262 2958 1341 2992 eet,
1368 2957 1408 2983 ut
1431 2949 1557 2990 decet,
1585 2953 1674 2990 rite,
1713 2948 1780 2982 Od.
1807 2961 1836 2989 ι,
1861 2947 1946 2991 245.
1967 2948 2030 2982 cfr.
2058 2947 2124 2983 Od.
2153 2951 2196 2992 ξ,
2222 2952 2305 2999 ⁵09·
