2984 3600
493 507 654 555 Aliter.
674 509 883 557 Wolflus
915 510 1110 577 (observ.
1145 511 1204 557 ad
1237 511 1293 558 11.
1328 504 1377 569 δ,
1401 508 1523 562 242.
1558 509 1636 559 ed.
1665 508 1834 580 Um
1873 509 2060 560 numm
2087 508 2293 559 vocabuli
2318 521 2497 573 purtem

366 596 589 642 ΜΩΡΟΣ
628 592 872 662 obscuram
879 578 995 676 9⁸⁸9
1036 594 1278 654 existiman
1309 606 1405 642 tum
1435 592 1683 659 propositis
1715 590 1976 646 nonnulli«
1986 592 2287 658 interpretum
2318 592 2514 656 opinio..

364 676 501 722 nibus
529 676 790 738 Koeppenii
821 677 1087 737 semmam
1113 679 1298 740 probat3
1332 676 1533 743 deniqne
1565 678 1668 741 ipse
1702 688 1854 724 errare
1882 673 2088 733 videtur,
2138 692 2288 741 quum
2320 691 2502 724 semum

368 758 461 805 loci
494 758 723 805 consumit
752 757 824 805 his
853 740 1027 816 vei-his,
1069 778 1147 807 am
1178 761 1359 808 besten:
1393 764 1473 808 ein
1488 761 1663 816 Mam,
1695 758 1784 809 det
1806 757 1915 807 ,3ἰώ
1938 756 2089 806 dur-elz
2097 762 2261 808 ..uine
2279 759 2496 824 megheit

370 838 463 884 den
494 840 687 899 Pseilen
720 838 983 905 bloesgiebt.

501 923 658 968 Aliter.
692 923 748 968 In
787 924 952 969 malam
999 939 1174 988 partem
1220 927 1452 988 accipiunt
1501 943 1682 981 vocem,
1731 928 1812 990 qni
1854 925 2058 970 derivant
2099 924 2167 969 nb
2191 921 2288 969 ὶά
2275 943 2308 969 ι
2330 943 2391 970 e..
2412 877 2502 989 βοή

374 1007 468 1051 sive
502 1005 586 1058 ιωή
621 1018 667 1051 et
695 1004 854 1070 μωρός
869 1039 886 1064 ,
942 1024 1033 1071 quo
1079 1010 1118 1053 is
1153 1009 1456 1072 significetur,
1500 1010 1584 1073 qui
1633 1010 1808 1061 insane
1821 1009 1868 1054 h.
1902 1024 1942 1054 e.
1992 1000 2283 1059 vehementer
2322 1008 2502 1056 damet.

378 1088 470 1134 cfr.
504 1089 704 1136 Passovii
736 1090 825 1136 lex.
861 1108 924 1154 gr.
962 1108 993 1135 s.
1030 1109 1069 1136 v.
1965 1129 1970 1139 ,.

504 1171 667 1219 Aliter.
697 1173 899 1221 Fuerunt
953 1175 1033 1238 qui
1067 1190 1224 1223 vocem
1272 1191 1333 1223 ex
1360 1173 1417 1222 ῐα
1462 1186 1506 1222 et
1539 1171 1686 1239 μόρος
1734 1183 1938 1221 constare
1963 1174 2289 1226 arbitrarentur
2337 1188 2506 1237 eosque

375 1252 570 1302 indicari
602 1255 949 1313 contenderent,
986 1257 1065 1321 qui
1100 1256 1335 1305 clamando
1358 1258 1527 1305 solum
1539 1270 1688 1306 essent
1714 1259 1935 1322 occupati.
1970 1257 2074 1304 Cfr..
2099 1258 2276 1305 Passov.
2302 1256 2388 1306 lex.
2412 1272 2446 1303 s.
2467 1273 2507 1304 v.

510 1337 666 1385 Aliter.
703 1339 792 1396 Qui
826 1338 1028 1386 derivant
1061 1341 1117 1386 ab
1154 1337 1214 1393 ὶά,
1244 1353 1288 1387 et
1321 1335 1491 1402 μῶλος,
1526 1340 1777 1404 significant
1807 1341 2028 1396 homines,
2063 1357 2258 1404 quorum
2289 1339 2506 1390 fortitudo

384 1423 432 1466 in
463 1439 574 1470 vana
606 1421 986 1487 magniloquentia
1016 1425 1164 1487 posita
1195 1437 1274 1471 est.
1320 1425 1413 1470 Cfr.
1447 1428 1620 1473 Passov.
1653 1425 1740 1472 lex.
1775 1444 1809 1473 s.
1843 1443 1884 1473 v.

510 1507 554 1552 2.
622 1506 694 1551 De
728 1522 838 1551 voce
874 1503 1203 1572 ἐγχεσίμωρος
1235 1506 1351 1552 nihil
1383 1521 1568 1554 monent
1615 1508 1787 1555 scholia
1819 1521 1864 1554 et
1881 1508 2161 1565 Eustathius,
2194 1520 2512 1573 praeterquam

382 1588 509 1650 quod
536 1587 614 1634 hic
642 1588 702 1633 ad
734 1588 791 1637 Jl.
823 1591 1014 1651 p.‹322,
1051 1590 1128 1640 39.
1165 1590 1300 1645 dicit,
1352 1588 1692 1655 ἐγχεσίμωροι,
1738 1588 1847 1654 περὶ
1881 1588 1950 1637 τὰ
1985 1585 2131 1655 ἔγχεα
2173 1577 2512 1656 μεμορημένοι,

381 1666 410 1716 ὅ
443 1672 557 1717 ἐστι
590 1670 1013 1729 κακοπαθοῦντες,
1066 1671 1365 1726 ἐκταθέντος
1404 1676 1497 1719 τοῦ
1540 1691 1568 1719 o
1602 1674 1670 1727 εὶς
1708 1690 1770 1732 ω,
1826 1671 1884 1727 ὥς
1915 1670 1999 1719 καὶ
2045 1671 2127 1719 ἐπὶ
2174 1676 2267 1720 τοῦ
2312 1670 2540 1737 ἰόμωροι

382 1754 583 1816 γίνεται.
639 1757 811 1812 Quibus
845 1757 1127 1820 intelligitur,
1161 1771 1333 1804 veteres
1369 1757 1492 1803 idem
1521 1756 1756 1810 iudicasse,
1778 1755 1904 1819 quod
1938 1755 1995 1801 de
2026 1773 2135 1802 voce
2166 1753 2370 1816 ἰόμωροι
2402 1756 2514 1799 ube-

388 1840 478 1883 rius
523 1854 838 1902 exposuerunt.
893 1840 986 1885 Cfr.
1039 1841 1238 1901 Eustath.
1283 1840 1342 1885 ad
1376 1840 1435 1886 Jl.
1478 1859 1523 1902 p.
1560 1839 1670 1894 671,
1713 1843 1783 1888 15.
1836 1858 1885 1902 p.
1921 1838 2039 1894 467,
2087 1840 2163 1887 37.
2219 1856 2368 1901 neque
2402 1856 2517 1884 nova

392 1922 526 1968 tradit
574 1923 824 1986 Hesychius
879 1937 922 1969 et
972 1923 1242 1986 Apollonius
1286 1924 1495 1986 Sophista
1547 1923 1703 1969 lexico.
1786 1923 1876 1969 Cfr.
1930 1926 2105 1969 Passov.
2156 1922 2243 1969 lex.
2298 1940 2362 1984 gr.
2407 1941 2439 1968 s.
2477 1941 2514 1969 v,

390 2009 535 2070 Etym.
574 2009 696 2063 776,
733 2010 809 2055 25.

524 2093 567 2137 3.
637 2092 691 2136 In
727 2090 992 2153 explicanda
1026 2109 1134 2137 voce
1177 2088 1491 2154 ὑλακόμωρος
1536 2093 1811 2154 conspicitur
1862 2091 2051 2136 mirifica
2099 2089 2319 2152 quaedam
2376 2091 2516 2134 inter·

385 2173 598 2237 pretandi
634 2175 832 2218 varietas.
901 2174 1017 2229 Nam
1072 2173 1282 2220 dicuntur
1323 2170 1632 2236 ὑλακόμωροι
1666 2171 1714 2217 οἱ
1748 2168 1857 2235 περὶ
1902 2170 1993 2226 τὴν
2027 2171 2215 2225 ὑλακὴν
2247 2170 2516 2236 μεμορημέ-

387 2273 487 2314 νοι,
527 2251 556 2300 ὅ
591 2256 703 2300 ἐστι
743 2255 1094 2316 πεπονημένοι,
1153 2255 1450 2308 ἐκταθέντος
1491 2255 1576 2301 καὶ
1625 2255 1777 2302 πάλιν
1819 2259 1911 2302 τοῦ
1944 2274 1971 2302 ο
2004 2259 2089 2311 τῆς
2126 2256 2516 2321 παραληγούσης.

387 2341 586 2385 Eustath.
618 2340 675 2383 ad
710 2339 797 2384 Od.
832 2358 878 2401 p.
921 2339 1062 2394 1749,
1099 2341 1174 2386 37.
1228 2340 1319 2384 Cfr.
1355 2340 1567 2401 Apollon.
1604 2341 1743 2402 Soph‚
1780 2341 1865 2386 lex.
1901 2359 1932 2386 s.
1968 2359 2006 2386 v.
2040 2342 2185 2402 Etym.
2221 2340 2333 2394 776,
2371 2342 2447 2386 21.

520 2422 677 2471 Aliter.
714 2423 967 2467 Eustathius
1005 2421 1168 2467 eodem
1201 2421 1304 2467 loco
1356 2422 1466 2467 haec
1498 2426 1709 2478 servavit,
1756 2421 2070 2487 ὑλακόμωροι
2104 2420 2153 2467 οἱ
2186 2419 2296 2486 περὶ
2329 2419 2515 2474 ὑλακὴν

388 2503 473 2551 καὶ
508 2504 732 2568 φυλακὴν
766 2500 920 2564 ὄντες,
957 2504 1092 2570 παρὰ
1125 2503 1215 2558 τὴν
1239 2499 1384 2569 ὤραν,
1404 2505 1495 2559 τὴν
1531 2506 1773 2565 φυλακήν,
1803 2503 1886 2554 ἵνα,
1920 2502 2015 2553 εἶεν
2050 2504 2339 2570 ὑλακόωροι,
2372 2506 2516 2552 πλεο-

389 2586 636 2642 νάσαντος
671 2581 726 2634 δὲ
759 2584 852 2633 τοῦ
887 2604 924 2648 μ
956 2586 1285 2652 ὑλακόμωροι.
1342 2590 1433 2635 Cfi·.
1470 2591 1666 2635 Dammii
1698 2590 1783 2635 lex.
1819 2592 1991 2636 homer.
2023 2608 2055 2636 s.
2090 2608 2128 2636 v.

520 2673 677 2719 Aliter.
715 2673 843 2717 Idem
877 2674 1128 2718 Eustathius
1164 2673 1221 2717 ad
1257 2672 1345 2720 Od.
1378 2692 1426 2735 p.
1464 2671 1602 2727 1749,
1640 2670 1715 2719 34.
1751 2675 1814 2718 sic
1848 2674 2008 2726 habet,
2041 2669 2352 2734 ὑλακόμωροι
2385 2670 2516 2717 κατὰ

392 2756 482 2814 μὲν
514 2750 850 2818 Ἀρίσταρχον
886 2750 1153 2816 ὀξύφωνοι,
1199 2752 1301 2799 ἐπεὶ
1335 2752 1417 2798 καὶ
1450 2755 1602 2817 μόρον
1637 2756 1687 2801 ἐν
1722 2751 1890 2808 ἄλλοις
1927 2751 2144 2808 ἐδηλώθη
2179 2752 2415 2815 λέγεσθαι
2452 2753 2514 2797 τὸ

392 2832 494 2895 ὀξύ,
526 2833 554 2882 ὃ
590 2834 795 2892 ἐξετάθη
831 2839 882 2884 ἐν
917 2839 986 2899 τῷ
1020 2835 1346 2902 ὑλακόμωροι.
1401 2839 1490 2883 Cfr.
1524 2840 1667 2902 Etym.
1705 2839 1816 2894 776,
1855 2842 1931 2886 22.
1981 2840 2121 2895 Quam
2158 2839 2344 2901 quidem
2375 2840 2514 2882 inter-

391 2923 690 2984 pretationem
724 2940 748 2966 a
779 2922 929 2967 multis
977 2922 1278 2984 improbatam
1324 2938 1443 2977 esse,
1492 2921 1755 2985 intelligitur
1796 2939 1848 2967 ex
1892 2934 1983 2966 toto
2026 2921 2104 2967 illo
2146 2921 2248 2967 loco
2283 2922 2514 2966 Eustathii.

393 3003 513 3050 Illud
546 3000 701 3069 μόρον
723 3004 903 3067 Cypriis
929 3003 1059 3050 fuisse
1093 3001 1156 3049 τὸ
1193 2998 1294 3058 ὀξύ,
1331 3002 1564 3051 scholiasta
1590 3005 1730 3052 refert
1764 3005 1823 3050 ad
1846 3004 1899 3049 Jl.
1926 2999 1966 3061 ξ,
1984 3004 2093 3053 479.
2128 3005 2273 3069 Etym.
2300 3003 2410 3060 776,
2439 3004 2513 3051 23.
