2984 3600
1327 309 1392 321 -
1464 289 1526 336 28
1597 313 1669 338 -r-

445 432 536 477 est,
569 432 620 467 ut
649 421 823 467 minora
854 413 1079 481 quedam
1100 397 1455 472 concedantur.
1480 419 1650 469 maiora
1672 418 2013 475 desiderentur.
2077 425 2254 474 Etenim
2285 400 2442 474 semu.
2471 439 2568 483 αι»

445 505 610 568 sagittis
643 500 829 566 quidem
856 498 1090 547 mittendis
1125 499 1331 557 excellis,
1383 498 1465 549 sed
1492 501 1686 565 ignavia,
1735 500 2097 572 infnninatqu·
2125 509 2370 559 effmimu
2399 521 2557 563 mm.

447 587 713 649 conspicuus
753 600 814 630 es.
880 582 1057 630 Eodem
1110 583 1247 632 modo
1291 582 1408 631 illud
1452 576 1582 654 εἶδος
1628 570 1808 649 ἄριστε
1858 586 1918 636 nd
1967 589 2145 657 reliqu.
2189 593 2309 642 neser
2355 595 2405 641 in
2453 592 2555 642 loco

445 666 622 722 Iliadis,
654 680 699 728 γ,
734 664 812 713 39.

770 755 1032 825 Δύσπαρι,
1061 753 1190 813 εἶδος
1223 751 1426 824 ἄριστε,
1457 757 1749 823 γυναιμανές
1764 794 1781 820 ,
1810 761 2139 827 meantes-d!

448 891 527 953 qui
579 887 742 935 modus
792 887 1072 935 conviciandi
1126 888 1319 955 apertius
1365 902 1489 953 patet
1532 889 1590 938 Jl.
1624 905 1683 955 ρ,
1729 887 1834 938 142.
1882 870 2031 955 'quum
2071 891 2315 939 Hectorem
2360 895 2563 960 increpat

450 971 647 1018 Glaucus
660 1007 673 1027 ,

704 1072 904 1140 Ἕκτορ,
933 1070 1061 1130 εἶδος
1093 1072 1295 1141 ἄριστε,
1326 1078 1493 1143 μάχης
1527 1063 1630 1140 ἆρα
1661 1073 1852 1124 πολλὸν
1883 1072 2073 1126 ἐδιύεοῐ

451 1208 526 1253 Ad
552 1207 664 1252 illud
691 1201 877 1261 τοξότα
909 1201 988 1269 (Jl.
1023 1205 1071 1264 λ,
1104 1206 1234 1266 385.)
1267 1207 1535 1254 vocabulum
1568 1202 1772 1269 ἰόμωρος
1804 1206 2078 1268 interpretor
2110 1204 2325 1269 idemque
2362 1206 2567 1251 universe

452 1291 623 1353 accipio
658 1289 715 1335 de
749 1291 948 1353 ignavia,
980 1308 1095 1353 quae
1134 1307 1236 1336 cum
1269 1292 1407 1337 semel
1442 1291 1695 1354 sagittarum
1725 1287 1867 1334 abusu
1896 1289 2005 1334 oriri
2034 1301 2290 1351 putaretur,
2326 1288 2405 1334 illo
2439 1305 2568 1335 voca-

450 1373 558 1419 bulo
591 1373 736 1420 notari
765 1385 961 1437 poterat,
1018 1375 1190 1420 etiamsi
1229 1373 1287 1420 de
1323 1376 1488 1437 sagittis
1521 1391 1614 1420 non
1650 1374 1815 1419 diserte
1863 1373 2143 1436 cogitaretur.
2227 1373 2327 1418 Hoc
2375 1385 2570 1437 utroque

446 1456 527 1502 illo
561 1456 664 1502 loco
709 1456 941 1501 homerico
994 1456 1279 1502 statuendum
1311 1474 1437 1511 esse,
1489 1457 1698 1503 orationis
1729 1458 1841 1502 ratio
1877 1469 1921 1507 te
1956 1455 2151 1502 docebit.
2237 1456 2398 1519 Neque
2451 1457 2572 1501 enim

448 1539 609 1584 Achivi
643 1540 825 1584 omnino
861 1539 1070 1599 sagittarii
1101 1538 1330 1592 dicuntur,
1366 1557 1515 1602 neque
1550 1541 1637 1585 illis
1671 1541 1784 1585 locis
1818 1541 2075 1603 sagittarum
2109 1555 2239 1584 usum
2274 1538 2333 1584 ad
2367 1554 2443 1586 eos
2464 1556 2572 1603 per-

449 1625 591 1669 tinere
627 1632 810 1667 constat.
886 1622 1096 1685 Denique
1151 1624 1241 1667 sive
1290 1634 1338 1668 tu
1386 1625 1434 1667 in
1481 1641 1591 1669 voce
1640 1618 1843 1686 ἱόμωρος
1894 1624 2149 1685 sagittarum
2204 1622 2574 1686 significationem

455 1707 714 1759 evanuisse,
748 1706 946 1768 ignaviae
979 1707 1193 1753 mansisse
1227 1708 1468 1762 existimas,
1520 1709 1611 1753 sive
1641 1708 1838 1769 ignaviae
1879 1707 2224 1771 sagittarumque
2262 1706 2493 1753 notionem
2527 1707 2576 1751 in

457 1791 648 1834 Acamae
681 1789 1118 1851 Agamemnonisque
1168 1804 1317 1834 mente
1368 1793 1652 1840 coniunctam
1696 1790 1862 1853 respici
1894 1802 2116 1843 autumas,
2165 1790 2277 1834 ratio
2318 1789 2574 1853 quaerenda

460 1887 525 1916 est
574 1875 620 1915 in
677 1873 1019 1916 conviciantium
1070 1886 1248 1928 natura,
1307 1891 1440 1936 quam
1474 1877 1520 1918 in
1564 1875 1715 1937 pueris
1763 1888 1807 1920 et
1845 1876 1893 1919 in
1935 1874 2192 1922 hominibus
2246 1872 2574 1925 incultioribus,

457 1957 578 2001 iratis
607 1956 910 2017 potissimum,
943 1972 1211 2018 cognoscere
1245 1956 1364 2002 licet.
1438 1960 1526 2013 Qui
1561 1975 1701 2021 quum
1744 1958 1802 2002 ad
1837 1959 2035 2003 convicia
2078 1955 2350 2023 proferenda
2386 1956 2575 2000 incitan-

455 2052 547 2091 tur,
593 2038 818 2101 quidquid
866 2040 912 2082 in
961 2040 1150 2084 buccam
1183 2047 1328 2095 venit,
1387 2052 1553 2084 temere
1601 2040 1842 2098 ebulliunt,
1893 2039 2006 2083 nihil
2047 2040 2133 2084 sibi
2184 2055 2277 2083 non
2311 2036 2573 2083 tentandum

454 2123 726 2175 existimant,
782 2137 872 2185 quo
907 2123 1114 2168 incusare
1148 2122 1426 2168 adversarios
1467 2124 1670 2186 possint,
1724 2139 1994 2186 quamquam
2028 2122 2211 2169 veritate
2246 2120 2369 2165 ducti
2414 2121 2573 2182 suique

455 2205 589 2249 animi
623 2221 758 2250 sensu
799 2223 824 2249 a
858 2204 937 2250 tali
981 2204 1148 2250 iudicio
1185 2207 1365 2251 omnino
1402 2207 1659 2252 abhorrent.
1749 2206 1828 2250 His
1879 2205 1927 2249 in
1970 2206 2104 2250 rebus
2152 2206 2341 2250 heroum
2375 2202 2574 2248 homeri-

457 2304 612 2334 corum
645 2290 755 2332 ratio
792 2290 839 2332 in
875 2288 1165 2334 conviciando
1200 2289 1493 2351 puerulorum
1527 2288 1766 2353 persimilis
1799 2303 1888 2345 est3
1924 2307 2026 2332 nam
2057 2302 2104 2333 ut
2147 2291 2191 2332 in
2236 2290 2383 2351 primo
2416 2284 2572 2331 Iliadis

388 2390 395 2400 ·
456 2370 573 2417 libro
606 2373 909 2425 subsistamus,
963 2372 1161 2417 Achilles
1209 2373 1413 2417 irascitur
1450 2374 1802 2436 Agamemnoni,
1849 2373 2076 2434 multaque
2108 2374 2242 2419 iratus
2275 2372 2409 2425 dicit,
2458 2386 2573 2433 quae

457 2469 606 2516 neque
642 2469 743 2497 eum
754 2487 766 2507 ,
803 2470 827 2497 a
859 2469 949 2515 quo
988 2453 1222 2509 dicuntur,
1260 2452 1443 2509 decent,
1479 2471 1627 2518 neque
1663 2457 1711 2500 in
1746 2472 1876 2509 eum,
1913 2456 1985 2500 cui
2020 2454 2250 2508 dicuntur,
2286 2455 2568 2500 conveniunt.

598 2666 822 2712 potissimum
848 2666 895 2701 ad
923 2670 1046 2700 nostra
1072 2670 1233 2712 tempora
1260 2668 1435 2709 manavit,
1461 2673 1502 2702 ut
1527 2667 1671 2715 ἀγλαός
1701 2667 1747 2701 ad
1774 2666 1988 2714 ἇγάλλομαι
2016 2666 2189 2700 referatur
2214 2669 2324 2712 atque
2351 2663 2461 2697 dictio
2483 2664 2573 2707 κέρᾳ

604 2728 723 2777 ἅγλαέ
755 2731 951 2776 significare
997 2729 1137 2763 dicatur
1181 2740 1262 2762 arcu
1307 2731 1572 2777 superbientem
1612 2731 1716 2778 (τόξῳ
1747 2730 2047 2778 ἆγαλλόμενον);
2090 2740 2197 2776 quam
2228 2728 2442 2763 sententiam
2469 2736 2489 2758 a
2515 2735 2572 2758 me

604 2794 821 2841 improbari,
848 2794 973 2829 monui
1001 2793 1149 2840 Quaest.
1179 2794 1276 2827 lexil.
1305 2805 1340 2840 p.
1366 2808 1399 2842 9.
1428 2801 1464 2829 et
1491 2807 1546 2832 21.
1575 2808 1654 2830 cum
1681 2806 1774 2842 quae
1802 2795 1936 2829 formae
1956 2804 1975 2826 a
2002 2792 2119 2827 radice
2145 2792 2224 2827 λάω
2252 2788 2466 2825 derivandae
2495 2800 2572 2823 esse

594 2857 823 2897 viderentur,
870 2869 1112 2903 exponerem,
1152 2862 1263 2902 atque
1291 2857 1327 2890 in
1364 2869 1450 2892 voce
1493 2858 1632 2905 ἀγλαός
1673 2858 1876 2906 splendoris
1915 2858 2210 2903 significationem
2249 2854 2455 2902 primariam
2482 2862 2570 2892 esse,

608 2921 801 2958 derivatam
826 2923 865 2957 in
892 2923 1137 2969 qualicunque
1164 2921 1385 2968 praestantia
1412 2928 1449 2957 et
1472 2923 1741 2969 pulchritudine
1768 2923 1921 2970 positam
1948 2934 2024 2957 esse
2052 2920 2290 2957 ostenderem.
