2984 3600
1388 341 1718 388 ...17-

503 469 668 518 tissima
700 469 956 522 testimonia
987 469 1037 516 in
1053 469 1255 518 Homeri
1286 472 1554 523 carminibus
1589 476 1923 534 contineantur,
1980 493 2119 523 unum
2167 475 2321 524 locum
2363 479 2605 524 accuratius

477 552 868 609 ,consideratum
913 553 992 617 qni
1024 554 1072 599 in
1103 552 1244 601 Iliade
1287 548 1357 617 (λ,
1389 547 1540 617 385.)
1569 558 1819 606 rectissime
1863 572 1912 606 et
1958 559 2017 607 ad
2060 561 2333 624 optimorum
2384 560 2607 608 librorum

500 635 642 690 fldem
696 635 1078 701 ,antiquorumque
1135 637 1547 701 gramaticorum-
1589 641 1900 688 auctoritatem
1961 643 2009 687 in
2063 643 2221 691 Wolfii
2287 644 2487 692 editione
2545 644 2609 690 sic

502 719 770 773 exhibetur,

893 798 1109 863 τοξότα,
1140 799 1387 867 lafita-259,
1418 796 1533 868 κέρᾳ
1565 797 1742 864 οἷγλαέ,
1773 803 2138 868 παρθενοπῖπα.

630 889 796 936 Mirum
830 904 912 948 est,
945 897 1114 955 quanta
1146 904 1194 937 et
1225 908 1363 955 quam
1394 891 1514 938 varia
1542 891 1599 937 sit
1625 891 1926 953 interpretum
1959 901 2005 935 et
2025 890 2321 953 antiquorum,
2359 904 2406 938 et
2438 909 2604 938 recen-

497 970 661 1017 tiorum
693 971 961 1036 disceptatio
994 967 1122 1034 (vide
1153 971 1321 1037 Heynii
1340 970 1400 1020 ad
1419 972 1463 1020 h.
1484 971 1514 1019 l.
1539 973 1632 1020 obs.
1667 973 1868 1035 itemque
1899 971 2038 1023 schol.
2075 984 2120 1017 et
2141 973 2336 1018 Eustatb.
2370 975 2439 1019 ad.
2463 977 2521 1045 h..
2536 971 2605 1036 1.),

497 1070 599 1099 cum
640 1053 716 1100 alii
760 1053 999 1101 nonnullas
1038 1071 1172 1102 voees
1216 1056 1266 1101 in
1313 1073 1449 1102 unam
1489 1059 1723 1105 notionem
1771 1054 2151 1119 complectantur,
2205 1056 2280 1101 alii
2331 1057 2417 1102 alio
2466 1059 2602 1104 modo

495 1136 909 1202 interpunctionem
943 1138 1200 1196 exhibeant,
1230 1137 1307 1184 alii
1338 1138 1443 1185 alias
1475 1138 1694 1185 lectiones
1728 1150 1987 1201 sequantur,
2022 1138 2095 1183 alii
2128 1138 2322 1201 singulas
2357 1155 2490 1185 voces
2526 1140 2604 1183 ali-

494 1231 568 1268 ter
600 1221 982 1285 interpretentur,
1015 1220 1091 1269 alii
1122 1222 1323 1288 denique
1357 1222 1492 1268 alium
1525 1224 1657 1268 totius
1700 1239 1854 1267 versus
1897 1240 2077 1266 sensum
2112 1223 2401 1276 constituant,
2446 1224 2506 1267 ita
2543 1239 2602 1277 ut,

492 1320 552 1351 ne
587 1303 635 1349 in
668 1305 900 1350 sententiis
944 1301 1246 1369 interpretum
1283 1306 1660 1370 aut'probandiS,
1710 1317 1785 1350 aut
1825 1305 2091 1349 refellendis
2122 1319 2299 1367 tempus
2343 1305 2604 1367 perdamus,

491 1403 607 1434 neve
643 1387 970 1435 consideranda
1002 1388 1158 1436 iudicii
1210 1389 1466 1436 diversitate
1514 1402 1716 1434 mentem
1747 1402 1945 1434 nostram
1982 1388 2118 1434 modo
2162 1390 2276 1443 huc,
2321 1388 2458 1435 modo
2492 1387 2603 1434 illuc

491 1482 667 1517 temere
702 1470 994 1519 distrahamus
1012 1506 1026 1527 ,
1079 1472 1138 1519 de
1173 1474 1378 1538 integro,
1428 1490 1480 1519 ac
1520 1473 1558 1517 si
1601 1470 1714 1515 nihil
1749 1471 2020 1534 disputatum
2066 1483 2207 1524 esset,
2254 1473 2453 1533 quaestio
2492 1490 2603 1535 per-

490 1553 720 1602 tractanda
755 1572 853 1602 esse
888 1555 1105 1602 videatur.
1172 1554 1287 1602 Sunt
1317 1554 1394 1601 illa
1426 1556 1565 1602 verba
1597 1553 1854 1609 Diomedis,
1905 1555 2066 1617 quibus
2110 1554 2157 1597 in
2184 1553 2397 1598 Paridem
2429 1554 2602 1598 invehi-

490 1649 583 1695 tur3
618 1655 772 1702 neque
806 1651 898 1685 toto
930 1656 1064 1686 versu
1081 1638 1205 1685 aliud
1238 1639 1486 1704 quidquam
1518 1640 1614 1687 viro
1647 1640 1721 1683 isti
1745 1637 2119 1682 effeminatissimo
2152 1638 2418 1699 exprobrari
2437 1647 2600 1699 pote'st,

488 1722 574 1765 nisi
607 1722 807 1783 ignavia,
860 1723 930 1769 cui
959 1724 1113 1769 nescio
1143 1741 1199 1768 an
1230 1722 1379 1768 nullus
1414 1723 1608 1770 heroum
1640 1721 1971 1767 homericorum
2002 1721 2141 1782 magis
2186 1719 2446 1777 indulserit3
2496 1739 2600 1765 nam

488 1803 660 1848 Hector
691 1804 790 1865 ipse
826 1806 1002 1867 saepius
1039 1806 1243 1868 obiurgat
1275 1804 1398 1850 illam
1430 1807 1477 1850 in
1510 1804 1636 1851 bello
1673 1803 1945 1857 socordiam,
1985 1816 2034 1847 ut
2071 1805 2163 1847 eius
2200 1805 2421 1847 orationes
2457 1821 2596 1865 quac-

482 1882 586 1927 dam
619 1880 693 1945 (ΙΙ.
728 1879 771 1939 ζ,
806 1886 1103 1942 520-529,
1139 1900 1182 1931 et
1214 1902 1257 1946 γ,
1293 1883 1539 1948 39-57.)
1581 1888 1803 1949 superiori
1835 1887 1936 1933 loco
1979 1886 2150 1942 lucem,
2196 1903 2330 1950 quam
2364 1886 2596 1931 desidora-

481 1983 603 2021 mus,
638 1965 824 2030 largiter
858 1968 1097 2026 affundant.

615 2044 802 2103 τοξότα
836 2052 1043 2097 universe
1079 2054 1284 2115 ignavum
1318 2052 1557 2116 significat,
1602 2069 1684 2097 usu
1729 2051 1863 2096 ducto
1900 2068 1923 2094 a
1964 2052 2126 2113 sagittis
2161 2050 2403 2096 mittendis.
2485 2053 2597 2096 bam

486 2147 539 2176 eo
569 2133 751 2177 nomine
785 2134 957 2179 Hector
991 2134 1049 2179 de
1082 2135 1245 2180 Paride
1283 2136 1396 2181 dicit
1423 2134 1478 2181 Jl.
1513 2149 1556 2195 γ,
1590 2131 1670 2180 45.
1717 2129 1826 2178 ἀλλ’
1861 2132 1946 2178 οὐκ
1981 2120 2090 2178 ἔστι
2125 2130 2203 2195 βίη
2234 2129 2438 2194 φρεσίν,
2482 2128 2593 2178 οὐδὲ

482 2228 559 2266 τις
589 2211 733 2270 ἀλκή,
771 2229 817 2261 et
845 2211 890 2271 ζ,
924 2218 1037 2263 523.
1073 2215 1205 2261 ἀλλὰ
1242 2216 1357 2262 ἑκὼν
1387 2214 1568 2277 μεθίεις
1601 2230 1683 2271 τε,
1718 2213 1800 2259 καὶ
1832 2215 1918 2259 οὐκ
1953 2211 2131 2266 ἐθέλεις
2164 2210 2484 2277 (μάχεσὲαι).

613 2294 830 2362 λωβητήρ
864 2301 1037 2362 passive
1074 2301 1389 2363 accipiendum
1425 2313 1512 2354 est,
1548 2312 1597 2345 ut
1631 2299 1686 2345 sit
1718 2298 1916 2356 infamis,
1956 2317 2058 2344 nam
2085 2298 2345 2344 Alexander
2390 2301 2589 2344 nomina-

484 2395 556 2427 tur
588 2377 716 2445 λώβη
749 2378 832 2426 καὶ
864 2378 1074 2440 ὑπόψιος
1104 2376 1288 2440 ἄλλων,
1318 2383 1373 2427 Jl.
1407 2400 1448 2445 γ,
1478 2381 1555 2432 42.

613 2464 966 2526 παρὲενοπῖπα
998 2466 1180 2510 mollem
1213 2480 1257 2511 et
1293 2467 1583 2512 effeminatam
1615 2481 1815 2511 naturam
1838 2465 2028 2524 indicat,
2065 2466 2190 2529 quod
2225 2465 2320 2512 aliis
2354 2465 2465 2513 locis
2490 2462 2585 2527 (cfr.

484 2545 538 2590 Jl.
572 2561 616 2607 γ,
650 2544 754 2610 39.)
785 2548 1078 2609 γυναιμανής
1112 2562 1261 2606 sonat,
1298 2569 1568 2614 quamquam
1597 2550 1712 2595 illud
1746 2563 1811 2596 est
1842 2550 1985 2596 lenius
2024 2567 2296 2612 expressum.

619 2632 834 2687 Quartum
866 2632 990 2695 quod
1024 2633 1202 2678 additur
1238 2635 1469 2696 epitheton
1504 2631 1618 2697 κέρᾳ
1654 2629 1810 2695 α’γλαέ
1843 2634 1899 2678 ad
1919 2635 2090 2696 sagittas
2126 2633 2370 2696 singulatim
2397 2646 2592 2694 spectat,

485 2729 590 2757 nam
623 2729 675 2758 re
710 2730 817 2759 vera
852 2716 1015 2779 sagittis
1050 2715 1324 2779 plerumque
1362 2719 1497 2761 utitur
1531 2713 1607 2779 (ΙΙ.
1640 2732 1683 2778 γ,
1717 2720 1789 2763 17.
1839 2712 1879 2772 ζ,
1916 2718 2025 2763 322.
2049 2749 2058 2758 .
2130 2717 2225 2760 Hoc
2260 2712 2375 2776 κέρᾳ
2411 2710 2595 2776 ἀγλαός

489 2807 556 2841 est
588 2795 772 2842 illustris
802 2798 1045 2858 sagittarius
1077 2793 1143 2859 ⁹¹),
1201 2798 1324 2861 quod
1371 2799 1557 2861 quidem
1602 2801 1836 2862 epitheton
1878 2802 1936 2841 ita
1982 2796 2037 2840 ad
2083 2797 2255 2860 reliqua
2302 2799 2593 2844 referendum

560 2975 591 3020 ')
615 2973 806 3018 littorum,
855 2973 987 3022 quibus
1028 2980 1168 3010 scatent
1202 2976 1431 3023 antiquorum
1468 2976 1775 3020 grammaticorum
1814 2974 1858 3006 de
1898 2973 1966 3006 hoc
2002 2974 2084 3007 loco
2120 2977 2461 3018 commentationes,
2502 2989 2592 3011 unus

2298 3043 2326 3085 :3
