2984 3600
1374 331 1704 396 -13-

478 483 703 549 qinedam
736 482 1061 546 conspiciatur,
1106 480 1191 528 sed
1227 483 1371 529 nativa
1413 481 1605 530 latrandi
1641 482 1872 547 cupiditas.
1962 486 2110 542 Quare
2149 496 2357 529 veterum
2386 484 2589 529 nonnulli

478 584 635 616 vocem
680 562 994 629 ὑλακόμωροι·
1042 564 1100 612 ad
1137 583 1319 613 sensum
1351 583 1444 613 non
1482 562 1598 613 masc
1641 566 1928 614 declararunt
1969 564 2244 620 ὑλακτικός.
2317 567 2411 614 Csr.
2463 565 2586 626 Quid.

477 666 526 700 et
555 654 700 716 Etym-
728 665 764 696 ς.
798 668 836 696 v.

1428 740 1430 743 ’
1471 731 1515 792 S·
1538 731 1583 777 8-
1873 789 1877 793 .

607 833 694 890 Qui
729 831 999 880 diffie'iores
1029 847 1164 879 voces
1194 832 1255 879 ita
1288 840 1565 893 perspectas·
1586 826 1778 884 habent,
1819 839 1868 874 ut
1906 826 2131 874 radicibus
2168 829 2413 892 compertis
2449 830 2584 892 signi-

475 917 728 963 ficationem
760 917 1019 981 primariam
1062 914 1151 961 suis
1185 914 1388 961 terminis
1432 910 1625 959 definire
1666 910 1862 975 possint,
1907 911 1955 954 in
1986 908 2170 974 singulis
2203 922 2352 956 tamen
2392 911 2585 975 scripto-

474 1016 575 1044 rum
607 998 717 1046 locis
747 1017 862 1063 quae
893 998 1225 1061 significationis
1247 998 1311 1044 vis
1346 994 1543 1043 tenenda
1579 994 1657 1049 sit,
1691 1010 1784 1039 non
1813 1011 1996 1058 semper
2026 977 2335 1057 assequuntur.
2402 995 2584 1040 Etenim

474 1084 713 1129 multorum
745 1082 1067 1128 vocabulorum
1101 1082 1221 1127 notio
1257 1093 1464 1143 tempore
1500 1091 1720 1135 mutatur,
1772 1096 1874 1125 cum
1916 1078 2211 1141 populorum,
2244 1089 2352 1122 .tum
2386 1079 2580 1139 singulo-

410 1186 417 1191 ·
474 1185 573 1212 rum
607 1168 876 1229 scriptorum
897 1183 979 1210 usu
1007 1166 1128 1211 varie
1156 1166 1435 1211 constituitur
1469 1177 1603 1227 atque
1628 1180 1684 1210 ex
1705 1164 1915 1210 orationis
1951 1176 2161 1213 contextu
2189 1150 2366 1225 pendet
2394 1161 2584 1225 loquen-

473 1252 620 1312 tisque
655 1260 807 1293 mente
826 1283 839 1303 ,
875 1266 989 1311 quae
1026 1261 1098 1293 aut
1132 1250 1416 1311 primariam,
1452 1260 1525 1292 aut
1559 1246 1828 1300 derivatam,
1874 1258 1948 1291 aut
1982 1248 2238 1309 propriam,
2291 1258 2365 1290 aut
2400 1246 2585 1317 transla-

473 1345 561 1378 tam
593 1332 681 1377 vim
712 1331 990 1377 statuendam
1025 1349 1122 1377 esse
1153 1333 1292 1377 iubet.
1378 1332 1493 1377 Cum
1538 1333 1798 1395 interpretis
1842 1348 1947 1376 cura
2000 1329 2478 1393 singularismponenda
2529 1332 2584 1374 sit

471 1410 520 1457 in
555 1415 784 1468 orationis,
820 1431 955 1476 quam
989 1424 1244 1476 pertractat,
1278 1425 1434 1458 natura
1469 1414 1835 1476 singulorumque
1872 1414 2191 1460 vocabulorum
2215 1416 2400 1468 ratione,
2436 1413 2587 1458 videa-

472 1515 597 1551 mus,
630 1496 740 1559 quid
776 1496 835 1541 de
870 1515 981 1542 voce
1018 1494 1220 1557 ἱόμωρος
1265 1497 1387 1560 apud
1427 1495 1677 1542 Homerum
1715 1496 2007 1540 iudicandum
2041 1499 2106 1540 sit.
2188 1498 2257 1539 De
2296 1514 2383 1557 qua
2419 1498 2585 1540 etiamsi

472 1594 667 1625 nostram
701 1580 823 1624 illam
858 1580 1202 1643 disputationem
1234 1581 1614 1643 comprobaveris,
1643 1596 1736 1624 non
1770 1592 1917 1623 tamen
1949 1597 2073 1623 mens
2107 1580 2333 1624 homerica
2369 1579 2508 1624 facilis
2545 1594 2587 1624 et

472 1676 626 1726 aperta
662 1676 752 1720 est3
801 1680 949 1726 neque
999 1663 1189 1726 simplex
1224 1677 1359 1727 atque
1402 1664 1685 1709 consentiens
1737 1663 2036 1723 interpretum
2077 1665 2296 1706 sententia
2346 1664 2584 1723 reperitur,

472 1746 556 1790 sed
588 1748 637 1790 in
671 1746 766 1791 aliis
800 1746 909 1800 alia,
946 1758 1020 1791 aut
1052 1746 1187 1800 falsa,
1224 1759 1298 1792 aut
1331 1749 1476 1792 minus
1506 1749 1746 1810 perspicua
1780 1764 1830 1791 ac
1869 1745 2060 1790 definita.
2129 1749 2223 1794 Iam
2253 1760 2323 1799 ut,
2360 1747 2471 1810 quid
2502 1765 2585 1809 ego

473 1829 672 1881 sentiam,
712 1826 911 1890 eloquar,
947 1828 992 1873 in
1027 1830 1407 1891 argumentatione
1443 1829 1742 1893 proponenda
1777 1840 1952 1874 secutus
1990 1845 2085 1874 sum
2132 1842 2175 1875 et
2212 1847 2397 1875 sensum
2432 1847 2582 1874 meum

473 1911 858 1973 qualemcunque,
897 1924 940 1955 et
975 1912 1193 1955 rationem
1230 1912 1449 1974 loquendi
1485 1930 1584 1957 cum
1614 1913 1788 1957 duobus
1819 1912 1905 1956 illis
1935 1912 2059 1966 locis,
2098 1926 2189 1956 tum
2227 1916 2431 1958 universa
2457 1916 2583 1975 poesi

470 1996 699 2040 homerica
739 1997 985 2057 probatam.
1054 1997 1259 2057 Utroque
1301 1996 1401 2041 loco
1442 1996 1512 2055 (Π.
1549 1990 1599 2049 δ,
1637 1993 1747 2043 242.
1792 1990 1838 2052 ξ,
1874 1993 2005 2052 479.)
2064 1994 2261 2059 ἰόμωροι
2307 1995 2363 2040 ad
2399 1999 2583 2058 Argivos

470 2077 679 2123 refertur.
733 2079 889 2124 Priore
924 2077 1110 2142 quidem
1138 2079 1193 2124 ab
1210 2080 1546 2142 Agamemnone
1583 2091 1820 2142 usurpatur
1837 2090 2030 2123 catervas
2056 2080 2329 2124 Achivorum
2362 2081 2581 2134 obeunte3

471 2179 765 2224 quoscunque
799 2181 957 2226 segnes
991 2175 1036 2207 et
1070 2174 1329 2207 cunctantes
1355 2163 1595 2217 inveniret,
1624 2180 1698 2208 eos
1731 2163 1851 2226 gravi
1888 2164 2085 2225 oratione
2124 2164 2377 2224 obiurgasse
2405 2164 2580 2217 dicitur,

472 2246 591 2289 cuius
621 2247 800 2290 initium
831 2241 920 2306 cstl,

923 2324 1127 2389 Ἀργεῖοι
1161 2324 1378 2390 ἰόμωροι,
1418 2320 1651 2388 ἐλεγχέες,
1690 2321 1748 2369 οὔ
1781 2340 1839 2369 νυ
1874 2322 2109 2387 σέβεσὲες

469 2411 627 2455 Altero
661 2411 764 2456 loco
790 2413 989 2466 Acamas,
1026 2410 1115 2455 dux
1150 2412 1360 2462 troianus,
1392 2427 1493 2453 cum
1508 2409 1805 2452 Promachum
1841 2408 2098 2458 occidisset,
2132 2410 2176 2451 in
2196 2410 2386 2452 Achivos
2424 2427 2580 2471 super-

466 2495 565 2539 bius
602 2496 850 2549 invehitur,
884 2497 952 2540 his
986 2496 1134 2540 verbis
1169 2496 1413 2555 incipiens,

926 2573 1128 2640 Ἀργεῖοι
1159 2573 1385 2640 ἰόμωροι,
1422 2573 1665 2621 ἀπειλάων
1700 2571 1950 2637 α’κόρητοιῐ

1428 2711 1465 2768 g.
1493 2709 1534 2755 9.

595 2807 727 2865 Quod
759 2809 988 2870 epitheton
1023 2826 1125 2855 cum
1157 2825 1375 2871 nusquam
1408 2807 1512 2852 alias
1552 2806 1724 2869 legatur
1757 2824 1903 2870 neque
1938 2808 2028 2851 eius
2069 2807 2131 2850 vis
2177 2806 2264 2851 illis
2299 2808 2411 2853 locis
2449 2813 2570 2855 omni

464 2906 519 2933 ex
550 2903 681 2952 parte
716 2889 905 2943 eluceat,
959 2892 1101 2935 oritur
1132 2892 1277 2951 prima
1312 2891 1511 2951 quaestio
1548 2888 1604 2934 de
1649 2890 1854 2936 dictionis
1895 2901 2072 2942 natura,
2124 2902 2274 2935 utrum
2322 2892 2570 2938 honorifica

462 2973 539 3026 sit,
574 2990 735 3019 necne.
804 2973 854 3017 In
889 2974 1097 3035 primaria
1132 2971 1318 3035 quidem
1352 2972 1673 3035 significatione
1709 2991 1851 3036 eaque
1874 2973 2063 3035 proprie
2103 2985 2147 3018 et
2180 2991 2267 3035 per
2303 2991 2348 3019 se
2370 2988 2567 3037 spectata
