2984 3600
1396 335 1728 385 ...fl-..-

506 465 625 512 bulis
674 467 797 531 apud
829 460 1076 511 Homerum
1112 469 1367 512 sexcenties
1410 468 1714 525 inveniamur,
1764 472 1812 514 in
1856 469 1946 513 illis
1981 469 2134 514 formis
2171 468 2285 513 nihil
2332 483 2398 514 est
2431 473 2618 529 insoliti3

509 567 780 615 quemqnam
797 575 800 582 ἶ
817 550 1111 595 Buttmann„
1165 547 1325 614 (gmm.
1360 567 1428 615 gr·
1457 552 1500 611 S.
1531 542 1611 597 2³5.
1647 551 1706 605 11,
1745 547 1811 612 1.)
1842 551 2101 606 contendit,
2143 565 2173 595 ο
2201 553 2427 597 rarissime
2464 556 2625 606 mutari

506 637 565 680 in.
582 649 642 679 ω..
701 632 970 695 Saepissime
993 632 1042 679 id
1070 633 1169 682 fieri
1185 634 1479 697 probabimus
1501 632 1731 695 exemplis.
1799 635 1914 678 Nam
1940 635 2163 678 invenitur
2190 634 2353 693 azzae
2371 631 2487 697 (Od.
2500 650 2545 691 ν,
2563 636 2626 708 8.)

500 717 554 762 et
586 713 796 773 Κύκλωψ
838 716 944 775 (Od.
977 731 1038 771 α,
1072 715 1206 773 69.)‚
1235 709 1393 776 δόμος
1423 715 1534 775 (Od.
1574 729 1634 771 α,
1664 714 1765 772 83.)
1815 728 1859 760 et
1890 709 2028 775 δῶμα
2062 717 2137 774 (Jl.
2172 733 2232 779 α,
2266 716 2426 781 533),
2474 714 2625 784 δοτήρ

506 798 664 857 (11..v‚
695 794 800 859 44.)
842 810 887 845 et
913 793 1072 860 δῠτήρ
1115 796 1238 855 (Od.
1267 795 1323 854 S,
1351 793 1509 858 3250),
1561 794 1654 845 δύο
1702 795 1780 860 (Jl.
1813 812 1865 861 χ,
1900 797 2001 855 46.)
2051 811 2094 843 et
2125 796 2222 846 δύω
2266 801 2345 859 (Jl.
2379 798 2442 864 β,
2476 801 2626 859 822),

506 877 657 946 βοτήρ
703 880 812 940 (Od.
840 895 892 937 ο,
926 876 1079 937 504.)
1114 891 1161 927 et
1200 875 1369 943 βῶτωρ
1410 878 1521 939 (od.
1550 874 1602 936 ξ,
1647 875 1801 942 102),
1856 876 2099 934 Διόνυσος
2147 881 2256 939 (Od.
2290 882 2343 939 λ,
2388 883 2524 942 325.)
2581 897 2627 930 et

507 959 762 1028 Διώνυσος
786 963 861 1023 (Jl.
894 957 946 1021 ζ,
984 956 1140 1023 135),
1185 960 1416 1026 γαιήοχος
1444 957 1556 1026 (Οᾶ.
1588 978 1637 1020 α,
1673 961 1775 1022 68.)
1812 976 1856 1010 et
1883 962 2122 1028 ἀγέρωχοι·
2156 961 2233 1027 (Π.
2265 980 2306 1022 η,
2338 963 2498 1029 343),
2541 983 2629 1015 πο-

506 1046 696 1109 τάομαι
730 1046 808 1106 (Jl.
837 1042 883 1109 β,
913 1043 1049 1105 462.)
1079 1059 1123 1092 et
1154 1044 1415 1107 πωτάομαι
1442 1044 1518 1110 (Jl.
1555 1061 1619 1107 μ,
1651 1042 1809 1108 287),
1840 1043 2049 1109 τρόπεον
2082 1046 2161 1107 (Jl.
2197 1061 2250 1105 σ,
2272 1045 2400 1108 224.)
2436 1064 2478 1095 et
2508 1065 2627 1113 τρω-

506 1131 709 1179 πᾶσθαι
755 1125 870 1191 (Od.
900 1144 949 1187 τ,
985 1132 1097 1180 521.
1148 1131 1231 1178 cfr.
1262 1132 1458 1178 Eustath.
1500 1130 1558 1177 ad
1590 1127 1676 1193 Qd-
1710 1147 1756 1192 p.
1796 1127 2056 1195 1639m40.
2094 1129 2152 1175 ad
2179 1129 2238 1176 Jl.
2283 1149 2330 1193 p.
2370 1134 2480 1185 719,
2512 1130 2621 1192 56),

507 1211 810 1278 ἐπίστροφος
841 1208 956 1272 (Od.
988 1228 1036 1269 α,
1066 1212 1194 1273 177.)
1231 1227 1277 1260 et
1309 1213 1659 1278 ἐπιστρωφῶσι
1693 1211 1859 1276 (Οᾶ.ρ,
1880 1210 2026 1269 486),
2060 1210 2260 1276 τροχάω
2297 1213 2407 1272 (Od.
2431 1229 2471 1268 ο,
2492 1212 2623 1274 451.)

507 1309 549 1342 et
580 1293 786 1359 τρωχάω
815 1292 887 1357 (Π.
919 1311 972 1358 χ,
1012 1293 1169 1356 163.)‚
1203 1293 1380 1351 πολέω,
1416 1293 1738 1360 ἀμφιπολεύω
1769 1291 1881 1355 (Od.
1912 1310 1958 1354 v,
1996 1294 2093 1352 78.)
2138 1309 2182 1341 et
2214 1295 2410 1354 πωλέω,
2452 1299 2626 1342 ἐπιπω-

507 1375 597 1421 λέω
631 1377 705 1435 (Jl.
733 1394 773 1438 γ,
815 1376 965 1435 196),
998 1374 1099 1421 σόω
1132 1374 1208 1436 (Π.
1245 1392 1293 1433 ι,
1327 1372 1462 1437 424)
1497 1390 1540 1421 et
1574 1377 1679 1422 σώω
1712 1375 1792 1438 (Jl.
1829 1377 1877 1435 S,
1913 1376 2060 1440 363.),
2094 1376 2278 1436 πλοῖζω
2313 1381 2462 1437 (Suid.
2499 1400 2531 1425 s.
2565 1379 2626 1441 v.)

508 1473 551 1504 et
584 1454 775 1514 πλωΐζω
804 1458 1010 1517 (Hesiod.
1035 1452 1165 1521 ''E-97.
1200 1458 1348 1516 634),
1377 1456 1590 1517 πλόϊμος
1624 1472 1668 1504 et
1700 1457 1929 1516 πλώϊμος,
1959 1457 2165 1520 κόβαλος
2201 1474 2244 1505 et
2271 1459 2511 1522 κώβαλος,
2546 1463 2624 1508 κό-

507 1556 609 1587 νιον
643 1537 868 1602 (κόνειον)
903 1553 947 1586 et
980 1537 1202 1597 κώνειον,
1233 1534 1383 1604 μυρία
1417 1553 1460 1585 et
1488 1537 1672 1600 μωρία,
1709 1538 1983 1605 συκόμορον
2018 1538 2145 1603 (ficus
2181 1560 2345 1605 sycom.
2384 1546 2533 1602 Linn.)
2582 1561 2624 1592 et

505 1621 801 1686 μωρόσυκον.
868 1623 1070 1669 Eandem
1111 1623 1340 1669 licentiam
1386 1637 1545 1685 poetae
1588 1626 1636 1669 in
1678 1624 1827 1669 multis
1873 1624 2192 1670 adieetivorum
2238 1629 2619 1673 terminationibus

506 1706 756 1768 intelligere
790 1705 920 1763 licet,
962 1719 1013 1751 ut
1047 1719 1113 1752 est
1143 1702 1321 1759 σκιόεις
1362 1705 1469 1765 (Οᾶ.
1504 1722 1548 1763 ν,
1586 1705 1652 1764 2.)
1699 1721 1746 1752 et
1779 1704 1963 1769 εὐρώεις
1997 1704 2075 1766 (Jl.
2107 1723 2161 1764 v,
2198 1705 2328 1769 65.),
2370 1708 2627 1769 αἱματόεις

508 1789 580 1848 (Jl.
610 1806 651 1844 ν,
688 1788 818 1846 617.)
850 1802 893 1834 et
929 1787 1099 1841 ὠτώεις
1140 1790 1216 1848 (Jl.
1252 1792 1317 1847 ψ,
1353 1786 1510 1850 264),
1556 1788 1787 1854 μετήορος
1835 1790 1909 1847 (Jl.
1942 1789 1994 1845 Ξ,
2033 1790 2130 1846 26.)
2176 1805 2219 1836 et
2257 1791 2472 1854 ἀπήωρος
2514 1791 2622 1855 (Od.

507 1890 559 1932 μ,
593 1872 742 1930 435).
812 1874 903 1919 Cfr.
938 1875 1137 1917 Eustath.
1175 1874 1231 1916 ad
1256 1874 1311 1916 Jl.
1346 1892 1393 1935 p.
1432 1872 1551 1927 671,
1593 1875 1666 1918 15.
1704 1887 1746 1916 et
1781 1873 1837 1916 ad
1868 1873 1957 1918 Od.
1993 1892 2039 1935 p.
2076 1873 2214 1928 1749,
2252 1875 2328 1921 36.
2399 1877 2490 1919 Sed
2526 1896 2620 1920 me-

506 1957 724 2001 morabile
757 1970 846 2009 est,
893 1956 992 1999 illas
1036 1959 1153 2017 ipsas
1193 1974 1355 2009 voces,
1410 1974 1519 2017 quas
1559 1955 1617 1998 ad
1659 1974 1843 1998 examen
1887 1974 2120 2009 vocamus,
2183 1960 2241 2001 ita
2283 1959 2404 2020 apud
2452 1974 2619 2002 veteres

506 2042 692 2101 scriptas
725 2040 944 2100 reperiri,
988 2051 1036 2082 ut
1064 2053 1091 2081 ο
1125 2040 1262 2083 breve
1306 2040 1426 2082 insit.
1504 2039 1617 2081 Nam
1671 2038 1832 2100 legitur
1876 2039 1997 2100 apud
2040 2040 2355 2103 Etymologum
2396 2041 2504 2093 630,
2539 2046 2617 2089 25.

508 2116 808 2183 ἑγχείμορος,
862 2121 1059 2182 itemque
1091 2116 1355 2181 σινάμορος
1387 2118 1553 2181 (Etym.
1588 2123 1698 2175 713,
1731 2120 1853 2177 27),
1902 2140 2033 2183 quam
2064 2122 2246 2183 quidem
2277 2124 2463 2168 formam
2498 2125 2619 2186 apud

508 2202 787 2246 Herodotum
833 2202 920 2259 (V,
960 2202 1040 2248 92.
1076 2197 1139 2261 6.)
1183 2202 1479 2244 exhibuerunt
1521 2201 1727 2246 nonnulli
1767 2202 1992 2255 editores,
2038 2204 2386 2266 VVesselingius,
2429 2208 2616 2256 Reizius,

510 2285 605 2340 alii,
642 2286 916 2328 recentiores
951 2296 1125 2337 autem,
1162 2283 1445 2335 Gaisfordus,
1481 2285 1719 2338 Matthiae,
1748 2286 1981 2338 Baehrius,
2021 2289 2263 2329 constantia
2299 2288 2446 2340 ducti,
2483 2290 2620 2332 σινά-

507 2380 659 2429 μωρος
688 2380 811 2410 recte
856 2378 1139 2428 receperunt.
1211 2367 1306 2410 Csr.
1349 2366 1544 2411 Lobeek.
1594 2367 1651 2408 ad
1696 2369 1862 2429 Phryn.
1904 2385 1950 2428 p.
1990 2367 2099 2412 690.
2172 2372 2321 2412 Unum
2355 2373 2620 2415 vocabulum

509 2449 947 2501 commemorandum
978 2461 1114 2493 restat
1142 2451 1189 2492 in
1222 2464 1248 2492 o
1281 2450 1416 2493 breve
1452 2466 1631 2510 semper
1666 2448 1894 2503 desinens,
1932 2449 2187 2513 γεώμορος,
2228 2450 2498 2514 γειόμορος,
2543 2455 2619 2513 γή-

507 2547 680 2595 μορος,
713 2531 940 2597 γάμορος,
973 2549 1061 2595 quo
1097 2532 1393 2594 agricolarum
1428 2531 1539 2574 ordo
1574 2533 1620 2573 in
1653 2534 1793 2575 veteri
1823 2534 2162 2575 Atheniensium
2191 2551 2238 2577 re
2269 2537 2449 2596 publica
2488 2539 2622 2598 signi-

509 2616 664 2661 ficatur
704 2612 809 2677 (cfr.
845 2617 1006 2661 Aesch.
1044 2615 1205 2679 Suppl.
1225 2614 1339 2662 628.
1375 2615 1565 2678 Hesych.
1602 2632 1636 2660 s.
1658 2634 1698 2659 v.
1730 2615 1897 2660 Herod.
1917 2617 2016 2677 VII,
2045 2618 2150 2662 155.
2183 2618 2326 2680 Etym.
2355 2619 2466 2674 229,
2498 2618 2621 2677 43),

509 2702 707 2763 itemque
742 2699 799 2744 de
829 2700 942 2746 bove
972 2700 1155 2764 legitur,
1189 2701 1399 2744 nimirum
1433 2698 1625 2762 agricola
1660 2709 1703 2743 et
1733 2710 1906 2744 aratore
1943 2700 2172 2761 (Apollon,
2210 2701 2353 2745 Rhod.
2390 2692 2562 2765 Argon.
2590 2705 2622 2759 Ι,

513 2782 688 2842 1214).
758 2785 879 2841 Quae
908 2800 993 2829 vox
1024 2797 1089 2829 est
1116 2785 1278 2830 nostris
1312 2783 1399 2828 illis
1428 2781 1690 2846 persimilis,
1727 2781 1850 2844 quod
1876 2782 2001 2843 prior
2038 2783 2127 2824 eius
2164 2799 2264 2843 pars
2303 2784 2623 2830 substantivum

510 2879 598 2921 est,
640 2866 814 2930 reliqua
858 2878 1004 2912 autem
1049 2866 1276 2929 exempla,
1321 2866 1481 2928 quibus
1512 2865 1567 2911 ad
1598 2866 1860 2911 sententiam
1903 2865 2186 2925 probandam
2234 2868 2300 2911 usi
2336 2886 2507 2922 sumus,
2551 2886 2623 2916 aut

511 2948 726 2996 adiectiva
761 2950 1072 3006 continebant,
1103 2961 1180 2994 aut
1207 2947 1459 3011 particulas.
