2984 3600
1376 307 1677 356 ...g-.-

450 456 542 490 tate
577 457 624 490 et
647 444 942 499 conanum,
956 453 1007 488 ut
1035 439 1181 487 omni
1194 437 1348 487 divin-
1378 439 1611 487 ati-stne
1620 440 1768 490 Βοιαὶ
1759 441 2086 515 *qiuari
2119 441 2372 491 videantur.
2432 442 2596 492 Itidem

449 543 546 573 non
580 543 633 573 ea
665 537 733 572 est
762 523 967 596 conditio
995 523 1266 589 hedum,
1268 532 1344 570 ut
1358 520 1454 568 fati
1470 521 1777 586 viarm
1785 525 2234 590 mm
2230 525 2410 580 foma
2406 538 2589 575 tunna

449 621 513 653 et
529 624 634 653 casu
666 604 955 653 fiefifadle
967 597 1244 668 emendu3
1282 600 1525 654 ιὀᾱωηο
1564 602 1688 671 leges
1715 599 2591 670 quui-..mummi-

449 703 538 744 ιιι,
580 705 670 753 qm
713 686 1012 734 exdeornm
1047 685 1626 745 consiliomevenimt,
1670 684 2595 755 mde‘hniuaaidioudicndm

449 784 536 828 est,
590 773 791 836 itemque
834 770 1347 837 Ulyssesfa-Neptuuoz
1384 770 1646 835 intepet·
1686 771 2281 834 ndum-shown,
2310 793 2354 821 a
2381 775 2596 822 fhflneoeva

447 866 598 901 autem
629 866 831 902 servatur
865 853 1078 919 factoque
1111 852 1306 905 deorum
1338 851 1540 903 decreto,
1562 872 1592 901 a
1620 854 1729 912 Iove
1762 872 1819 907 ex
1843 854 1998 909 hanla
2029 853 2301 920 Celypsonin
2326 870 2591 916 revocatum

445 953 569 983 nunc
603 936 791 1001 singulis
823 937 1082 985 hominibus
1116 935 1366 985 liberaliter
1397 937 1705 1001 permittitur,
1750 956 1887 1004 quam
1928 950 2054 987 suam
2098 939 2187 986 sibi
2220 938 2448 1001 fortunam
2483 958 2594 989 con.-

447 1021 558 1066 dere
591 1019 756 1077 velint,
807 1022 933 1067 cuius
966 1021 1034 1065 rei
1066 1021 1200 1085 proci
1244 1038 1298 1067 ac
1345 1020 1463 1067 servi
1504 1019 1762 1085 Penelopae
1809 1022 2134 1074 documentum
2171 1023 2346 1087 insigne
2387 1022 2589 1088 relique-

451 1116 582 1162 runt3
631 1122 754 1151 nunc
787 1104 1021 1153 hominum
1066 1102 1248 1150 fortuna
1279 1104 1354 1150 vel
1386 1122 1413 1150 a
1446 1103 1533 1149 diis
1568 1114 1726 1166 utpote
1756 1122 1924 1169 anceps
1959 1117 2006 1151 et
2037 1105 2178 1154 dubi·
2209 1106 2509 1171 proponitur,
2545 1120 2596 1153 ut

452 1187 655 1252 eligendi
684 1187 869 1235 facultas
903 1185 1199 1234 concedatur:
1228 1204 1336 1232 nam
1367 1184 1593 1242 Achilles,
1629 1199 1678 1233 ut
1711 1188 1801 1235 hoc
1835 1202 1977 1234 unum
2009 1186 2213 1246 afferam,
2249 1206 2390 1253 quum
2422 1187 2594 1253 duplex

451 1274 569 1318 vitae
603 1272 743 1318 fatum
777 1288 834 1329 ser
856 1272 1054 1334 experiri
1087 1287 1220 1333 posse
1255 1272 1405 1325 sciret,
1440 1282 1490 1315 ut
1523 1283 1599 1316 aut
1626 1269 1868 1333 longaevus
1902 1271 1998 1315 sine
2028 1270 2173 1333 gloria
2200 1273 2248 1317 in
2281 1272 2426 1335 patria
2446 1288 2596 1318 more-
2659 1269 2661 1273 ’

450 1368 578 1400 retur
592 1390 607 1409 ‚
670 1367 746 1400 ant
785 1355 957 1400 iuvenis
1018 1371 1122 1400 cum
1165 1355 1440 1417 sempiterna
1482 1351 1618 1400 laude
1664 1352 1726 1400 ad
1778 1354 1965 1400 Troiam
2010 1354 2159 1400 obiret
2173 1388 2204 1409 ,.
2257 1355 2447 1417 gloriam
2484 1372 2595 1419 prae

448 1438 662 1483 diuturna
694 1438 784 1482 vita
813 1435 975 1501 elegit3
1030 1452 1156 1482 nunc
1186 1436 1386 1500 denique
1431 1436 1469 1481 si
1516 1437 1615 1499 quis
1650 1437 1699 1481 in
1730 1436 1893 1482 malam
1933 1453 2032 1482 rem
2065 1437 2192 1481 abire
2226 1451 2437 1492 conatur,
2482 1455 2594 1501 pro-

445 1538 615 1583 pensus
656 1519 849 1566 deorum
892 1521 1065 1565 animus
1110 1536 1439 1582 nonnunquam
1480 1520 1757 1581 conspicitur
1772 1553 1787 1574 ,
1844 1521 1924 1582 qui
1958 1520 2198 1581 quominus
2252 1519 2351 1564 dira
2383 1522 2593 1582 patiatur,

445 1603 673 1666 impedire
720 1601 925 1659 studeat,
984 1602 1232 1649 dummodo
1284 1602 1361 1648 ille
1405 1601 1659 1648 admonitus
1702 1601 1957 1665 prudenter
2003 1601 2091 1647 sibi
2144 1619 2304 1648 cavere
2356 1601 2488 1658 velit,
2546 1615 2595 1648 ut

449 1686 690 1748 Aegisthus
723 1685 911 1747 probat,
959 1687 1038 1747 qui
1075 1703 1178 1731 cum
1220 1687 1267 1729 in
1315 1703 1367 1730 eo
1405 1699 1542 1739 esset,
1589 1697 1638 1729 ut
1677 1703 1780 1729 cum
1830 1684 2205 1746 Clytaemnestra,
2243 1686 2594 1747 Agamemnonis

451 1784 615 1822 uxore,
649 1766 921 1811 adulterium
951 1768 1587 1822 committeret,aMercur10
1596 1802 1609 1822 ‚
1645 1768 1760 1812 Iovis
1794 1768 2022 1821 ministro,
2056 1784 2114 1811 ne
2148 1766 2199 1812 id
2232 1766 2413 1822 faceret,
2449 1768 2593 1813 bene-

452 1953 544 1980 nas.
615 1936 739 1991 Quae
776 1951 880 1979 cum
912 1935 973 1979 ita
1008 1936 1122 1990 sint,
1158 1953 1212 1980 ex
1242 1934 1392 1979 multis
1424 1936 1613 1979 Homeri
1647 1934 1758 1979 locis
1795 1946 1946 1996 patet,
1993 1934 2198 1978 homiues
2218 1969 2231 1989 ,
2281 1935 2444 1997 quibus
2479 1933 2596 1979 nihil

452 2017 560 2060 mali
594 2033 793 2079 unquam
825 2015 889 2060 dii
921 2018 1266 2070 constituissent,
1301 2018 1389 2061 suis
1428 2018 1514 2060 sibi
1548 2017 1792 2062 sceleribus
1829 2030 1961 2077 atque
1998 2018 2177 2076 ineptiis
2212 2016 2283 2060 vel
2317 2018 2594 2079 turpissimas

454 2099 724 2145 calamitates
757 2099 1045 2144 contraxisse.
1116 2098 1198 2143 Illa
1232 2100 1368 2163 igitur
1401 2097 1524 2161 ὑπὲρ
1560 2095 1712 2162 μόρον
1748 2100 1924 2143 evenire
1953 2099 2175 2143 Homerus
2212 2100 2448 2146 existimat.

586 2199 811 2254 Quoniam
852 2214 959 2243 vero
1004 2214 1059 2242 ex
1104 2209 1325 2260 perpetua
1366 2198 1600 2242 hominum
1642 2197 1856 2259 opinione
1910 2195 1973 2240 dii
2009 2197 2156 2241 omnia
2206 2194 2322 2241 mala
2381 2194 2593 2257 dirasque

455 2280 723 2325 calamitates
769 2282 928 2343 generi
970 2282 1166 2325 humano
1212 2281 1421 2325 tribuisse
1471 2279 1738 2334 creduntur,
1790 2280 1913 2325 cuius
1963 2279 2029 2323 rei
2073 2279 2350 2323 mentionem
2382 2276 2590 2338 Iuppiter

454 2362 562 2407 facit
593 2364 641 2406 in
677 2363 869 2408 deorum
903 2363 1121 2408 concione
1151 2359 1260 2424 (Od.
1299 2378 1355 2417 a,
1389 2358 1489 2424 32.)
1523 2364 1591 2408 his
1626 2363 1797 2416 verbis,

859 2471 895 2522 ὦ
928 2476 1105 2534 πόποι,
1137 2471 1241 2524 οἷον
1274 2473 1332 2531 δή
1369 2494 1427 2524 νυ
1461 2477 1606 2531 θεοὺς
1635 2476 1809 2542 βροτοὶ
1841 2476 2156 2524 αἱτιόωνταιῐ

859 2555 908 2615 ἐξ
943 2559 1097 2620 ἡμέων
1130 2560 1221 2626 γάρ
1258 2568 1395 2622 φασι
1429 2559 1531 2606 κάκ’
1567 2556 1800 2623 ἔμμεναι,

457 2693 551 2723 non
580 2679 745 2723 mirum
780 2691 869 2733 est,
906 2679 1088 2739 μοῖραν
1122 2676 1247 2722 illam
1275 2678 1459 2723 relatam
1494 2696 1588 2725 esse
1625 2679 1683 2724 ad
1718 2693 1929 2733 mortem,
1976 2694 2111 2741 quam
2145 2675 2352 2723 omnibus
2390 2689 2590 2719 commu-

457 2778 566 2808 nem
601 2762 895 2808 calamitatem
929 2758 1164 2824 (ὁμοίϊον,
1201 2761 1257 2807 Jl.
1294 2755 1336 2819 δ,
1376 2761 1503 2818 315.)
1536 2763 1598 2807 (1ἰί
1635 2765 1961 2808 constituerunt
1994 2757 2101 2821 (Od.
2136 2775 2177 2820 γ,
2213 2757 2324 2806 246.
2358 2756 2405 2815 λ,
2442 2754 2587 2814 559).

456 2844 613 2908 Itaque
650 2845 981 2907 coniunguntur
1015 2841 1240 2896 θάνατος
1276 2858 1320 2889 et
1353 2845 1506 2904 μοῖρα
1541 2842 1617 2906 (Jl.
1652 2861 1702 2900 π,
1741 2847 1854 2892 853.
1889 2859 1957 2906 χ,
1989 2839 2135 2903 436.),
2178 2842 2248 2888 vel
2283 2838 2508 2891 θάνατος
2544 2851 2588 2880 et

459 2926 606 2988 μόρος
640 2927 751 2987 (Od.
788 2943 840 2982 π,
872 2926 982 2973 421.
1017 2927 1072 2970 Jl.
1111 2942 1160 2982 ω,
1195 2926 1307 2984 85.).
