2984 3600
1361 350 1660 395 -5-

584 483 744 531 Aliter.
774 477 1028 528 Eustathius
1057 480 1115 527 ad
1150 467 1239 529 (fil
1271 501 1317 546 p.
1350 481 1492 539 1749,
1522 483 1600 531 38.
1633 479 1790 529 vocem
1824 501 1848 526 a
1883 470 2060 547 μῶρός,
2095 482 2304 536 insanus,
2336 478 2576 528 derivatam

452 582 550 613 esse
581 562 768 614 temz'u·
795 578 988 629 eamque
1034 544 1451 630 interpretationem
1484 565 1727 611 absurdam
1773 565 1914 611 visam
1949 565 2049 613 esse
2074 565 2401 661 grammaticis,
2451 568 2576 628 quod

450 646 540 694 hoe
571 644 840 693 vocabulum
873 644 997 710 apud
1027 646 1280 693 Homerum
1311 660 1407 717 non
1434 647 1704 692 inveniatur.

582 725 739 772 Aliter.
775 728 1005 775 Passovins
1018 760 1034 782 ,
1084 729 1221 789 quem
1256 725 1319 773 de
1350 727 1684 773 recentioribus
1730 742 1871 773 unum
1910 743 2212 777 commemoro
2225 765 2239 786 ,
2292 747 2453 777 vocem
2479 746 2577 777 non

452 810 746 874 compositam
775 827 871 855 esse
901 819 1051 873 putat,
1073 807 1173 855 :sect
1194 823 1369 854 meram
1400 809 1625 870 praebere
1659 808 1982 857 derivationem
2014 811 2068 856 ab
2101 810 2272 865 ὑλακή,

1447 890 1488 949 s.
1523 891 1567 938 3.

583 976 734 1020 Habes
786 977 836 1018 in
857 974 961 1019 his
984 973 1116 1018 variis
1165 971 1539 1036 explicationibus
1588 975 1740 1038 inepta
1790 974 2180 1038 grammaticorum
2223 979 2391 1023 somnia
2434 989 2576 1042 atque

450 1074 559 1103 vana
585 1067 869 1111 commenta,
918 1054 1106 1120 indigna
1136 1056 1371 1101 maximam
1412 1070 1615 1120 partem,
1669 1076 1786 1122 quae
1833 1059 2103 1123 argumentis
2132 1056 2412 1104 refutentur.
2479 1057 2576 1106 Sed

453 1157 530 1187 eae
564 1141 689 1203 ipsae
707 1138 1064 1202 disputationes,
1097 1155 1158 1184 ne
1191 1140 1344 1204 specie
1381 1140 1567 1204 quidem
1588 1142 1988 1188 verisimilitudinis
2020 1142 2241 1197 firmatae,
2276 1143 2458 1204 vestigia
2479 1143 2571 1188 fere

452 1223 708 1277 continent,
754 1222 915 1285 quibus
927 1254 940 1276 ,
987 1223 1024 1266 si
1059 1235 1185 1268 caute
1229 1223 1545 1286 procedimus,
1600 1225 1659 1269 ad
1692 1226 1885 1288 probam
1929 1224 2301 1287 significationem
2336 1224 2575 1280 ducamur3

450 1305 639 1354 meliora
673 1317 824 1354 tamen
858 1306 917 1353 ad
949 1306 1145 1353 absurda
1174 1307 1360 1353 deflexit
1404 1320 1449 1353 et
1497 1310 1664 1354 misere
1705 1308 1904 1355 foedavit
1946 1309 2337 1372 grammaticorum
2387 1308 2574 1353 inscitia.

451 1391 588 1437 Cuius
621 1390 689 1435 rei
732 1403 781 1437 ut
829 1408 969 1437 unum
1002 1390 1277 1454 exemplum·
1302 1391 1556 1447 afferamus,
1611 1391 1851 1454 explicatio
1891 1394 2014 1437 vocis
2045 1390 2381 1456 ὑλακόμωροι,
2439 1409 2575 1454 quam

448 1475 719 1530 Aristarchi,
752 1475 1118 1538 praestantissimi
1153 1475 1442 1536 grammatici,
1478 1476 1739 1519 auctoritate
1774 1475 1996 1518 firmatam
2025 1475 2486 1528 commemoravimus,
2519 1475 2575 1518 ab

450 1559 545 1605 aliis
579 1559 723 1621 iisque
763 1557 1089 1604 indoctioribus
1133 1558 1328 1621 pessime
1369 1558 1522 1605 habita
1553 1575 1649 1604 esse
1684 1557 1873 1604 videtur.
1946 1557 2149 1602 Coniicio
2187 1558 2328 1610 enim,
2384 1558 2578 1603 Aristar-

456 1642 590 1688 chum
632 1659 789 1688 vocem
829 1637 1143 1704 ὑλακόμωροι
1185 1656 1279 1686 non
1323 1640 1593 1704 explicasse,
1638 1643 1811 1688 ratione
1856 1642 2007 1686 habita
2052 1640 2326 1704 singularum
2373 1643 2580 1687 vocabuli

454 1727 664 1788 partium,
698 1724 782 1771 sed
803 1724 981 1780 dixisse,
1017 1722 1075 1769 ad
1109 1741 1287 1770 sensum
1308 1723 1434 1770 idem
1467 1742 1577 1781 esse,
1609 1724 1735 1788 quod
1769 1719 2011 1789 ὀξύφωνοι
2047 1723 2163 1783 (Cfr.
2189 1724 2388 1773 Eustath.
2409 1725 2465 1770 ad
2486 1726 2578 1772 od.

454 1827 501 1870 p.
541 1806 682 1863 1749,
717 1809 795 1856 35.
849 1807 1066 1870 Spitzner.
1113 1825 1183 1869 ap.
1220 1808 1457 1871 Koeppen.
1505 1807 1563 1853 ad
1597 1808 1651 1853 Jl.
1688 1823 1744 1865 ο,
1782 1804 1925 1870 312).
1994 1807 2107 1852 Inde
2156 1807 2271 1853 illud
2308 1821 2461 1853 natum
2512 1822 2577 1853 est

454 1891 576 1954 apud
610 1891 914 1954 Hesychium,
960 1887 1410 1955 ὑλακόμωροι·
1464 1889 1512 1935 οἱ
1556 1888 1862 1954 βαρύφωνοι,
1918 1885 2189 1952 ὀξύφωνοι,
2252 1904 2405 1936 contra
2462 1892 2577 1935 illud

454 1969 565 2028 ὀξύ,
597 1991 686 2037 quo
722 1991 877 2020 vocem
910 1970 1071 2035 μωρόν
1102 1986 1304 2019 accurate
1338 1973 1474 2018 reddi
1504 1988 1717 2030 monent,
1753 1994 1777 2019 a
1809 1974 2103 2037 grammaticis
2134 1973 2311 2019 videtur
2345 1976 2577 2020 inventum

454 2074 577 2111 esse,
613 2055 683 2102 vel
717 2054 896 2101 aliunde
933 2054 1205 2101 translatum.
1304 2056 1373 2100 Ex
1422 2054 1642 2101 eiusmodi
1687 2057 1867 2119 ineptiis
1914 2070 2082 2102 temere
2135 2058 2350 2102 conflatus
2385 2072 2450 2103 est
2483 2059 2575 2102 He-

453 2139 594 2202 sychii
623 2138 748 2184 locus
779 2136 1000 2202 μωρόν·
1053 2134 1164 2193 ὀξύ,
1199 2136 1451 2198 μάταιον,
1489 2134 1687 2199 ἀμβλύ,
1724 2134 1879 2201 βαρύ,
1916 2130 2100 2193 δεινόν,
2137 2135 2338 2200 νωθράν,
2371 2138 2574 2181 ὑλακτι-

451 2220 558 2277 κόν,
597 2220 858 2274 πεπονηκὸς
892 2218 1003 2285 περί
1035 2236 1110 2280 τι,
1156 2219 1377 2278 ἠλίθιον,
1426 2222 1547 2268 unde
1582 2234 1731 2285 patet,
1775 2223 2102 2285 grammaticos,
2157 2240 2259 2267 cum
2291 2221 2434 2267 lexica
2466 2239 2570 2268 con-

451 2307 746 2360 sarcinarent,
782 2305 935 2350 radice
957 2307 1202 2352 verborum
1235 2306 1438 2369 neglecta
1473 2306 1817 2369 significationes
1852 2290 2052 2367 undique
2083 2306 2421 2368 conquisivisse,
2459 2321 2574 2368 quae

452 2388 510 2433 ad
544 2390 787 2452 singulares
822 2389 946 2434 locos
982 2391 1083 2434 satis
1114 2391 1236 2434 bene
1274 2406 1320 2434 se
1350 2389 1592 2444 haberent,
1630 2389 1891 2434 coniunctae
1921 2388 2034 2431 nihil
2070 2388 2281 2433 valerent.

586 2475 682 2537 Ego
714 2491 820 2520 vero
859 2476 893 2519 si
929 2474 1040 2537 quid
1072 2474 1120 2518 in
1155 2473 1246 2520 illis
1282 2474 1673 2539 grammaticorum
1722 2472 2010 2535 opinionibus
2052 2470 2206 2526 lateat,
2247 2489 2336 2534 quo
2376 2472 2575 2517 adhibito

449 2569 620 2602 rectam
648 2559 763 2602 viam
796 2559 1011 2621 prosequi
1044 2556 1227 2611 licebit,
1259 2574 1352 2601 non
1387 2556 1673 2614 detrectab03
1719 2557 1802 2603 sed
1835 2570 1884 2602 ut
1917 2558 2028 2601 mihi
2062 2574 2323 2619 persuasum
2360 2570 2444 2610 est,
2491 2573 2572 2601 vo-

450 2657 525 2685 ces
565 2641 613 2684 in
647 2644 861 2688 ΜΩΡΟΣ
890 2639 1143 2685 desinentes
1193 2656 1346 2684 omnes
1382 2638 1440 2683 ad
1476 2638 1670 2684 eandem
1703 2640 1924 2683 rationem
1956 2638 2228 2683 revocandas
2265 2655 2382 2691 esse,
2419 2655 2574 2700 neque

449 2720 579 2766 facile
617 2739 889 2784 quemquam
923 2723 1218 2783 interpretum
1252 2721 1376 2765 illam
1399 2722 1619 2766 rationem
1656 2720 1775 2766 clare
1801 2723 2094 2784 perspexisse,
2132 2722 2572 2782 interpretationem,

451 2821 566 2866 quae
599 2804 710 2848 mihi
745 2803 928 2865 quidem
962 2805 1234 2867 argumentis
1266 2806 1366 2849 satis
1397 2803 1568 2850 firmata
1604 2817 1693 2859 est,
1743 2805 1929 2850 aliorum
1963 2803 2129 2847 iudicio
2167 2804 2359 2866 ingenue
2395 2820 2569 2867 propo-

447 2905 551 2932 nam
586 2886 805 2951 simulque
851 2886 1015 2933 addam
1064 2890 1510 2953 argumentationem,
1555 2889 1603 2932 in
1652 2906 1737 2952 qua
1784 2887 2025 2932 sententiae
2072 2904 2198 2932 meae
2242 2888 2571 2933 firmamentum

451 2985 652 3018 constare
685 2974 794 3017 mihi
830 2974 968 3018 visum
1008 2985 1084 3017 est.
