2984 3600
1365 363 1695 408 -15—

473 496 744 557 interpretes
768 491 1005 556 ‘permultis
1031 490 1150 537 locis
1182 492 1420 538 homericis
1452 491 1601 538 hodie
1624 491 1932 552 offenduntur3
1982 495 2063 542 sed
2109 513 2185 543 eos
2239 512 2416 543 morum
2451 515 2586 560 quae-

475 576 579 623 dam
611 576 879 642 perversitas
911 591 938 619 a
970 590 1075 621 vero
1107 573 1277 621 iudicio
1305 574 1515 620 excludit.
1597 576 1735 622 Cuius
1770 578 1840 622 rei
1881 589 1933 621 ut
1976 578 2182 642 exempla
2222 579 2443 626 nonnulla
2477 578 2590 625 adii-

477 661 614 715 ciam,
648 656 919 703 Idomeneus
950 656 1290 722 reprehendens
1322 655 1533 718 Ulyssem
1560 659 1622 702 ita
1655 657 1832 703 orditur
1864 661 2117 716 orationem,
2148 663 2201 707 Jl.
2225 663 2274 721 θ,
2311 665 2386 711 93.

736 736 954 802 Διογενὲς
982 732 1270 805 Λαερτιάδη
1287 770 1304 794 ,
1337 737 1649 803 πολυμήχαν’
1676 731 1942 786 Ὀδυσσεῦ.

479 849 613 900 atque
647 834 873 882 Achillem
906 836 1075 882 Hector
1108 833 1186 878 ille
1220 833 1531 881 infestissimus
1565 837 1630 881 sic
1664 836 1930 901 alloquitur,
1966 838 2021 882 ΙΙ.
2056 855 2113 902 χ,
2153 842 2257 888 279,

739 913 1001 982 ἤμβροτες,
1034 912 1140 963 οὐδ’
1169 904 1271 983 ἄρα
1303 915 1377 963 πώ
1410 932 1485 980 τι,
1519 919 1654 973 θεοῖς
1687 917 1908 965 ἐπιείκελ’
1941 919 2199 985 Ἀχιλλεῦ,

738 1001 789 1048 ἐκ
823 997 943 1053 Διὸς
969 990 1141 1054 ἠείδεις
1172 996 1266 1048 τὸν
1299 990 1418 1063 ἐμὸν
1446 999 1624 1067 μόρον,
1654 999 1764 1057 ἤτοι
1798 997 1915 1069 ἐ’φης
1949 1020 2012 1066 γε.

482 1098 571 1143 Cfr.
604 1098 658 1141 n.
689 1112 725 1151 ι,
758 1094 868 1141 356.
903 1094 1013 1142 698.
1081 1092 1156 1139 Ad·
1207 1093 1331 1140 idem
1370 1115 1508 1159 genus
1563 1096 1782 1162 loquendi
1827 1100 2065 1147 referenda
2113 1113 2177 1147 est
2212 1106 2351 1148 oratio
2391 1105 2587 1159 Achillis,

482 1199 568 1244 qua
600 1184 982 1240 Agamemnonem
1017 1177 1242 1239 increpat,
1276 1178 1330 1224 Jl.
1367 1194 1417 1236 α,
1457 1183 1564 1228 122,

742 1253 962 1324 Ἀτρείδη
996 1251 1198 1305 κύδιστε
1217 1259 1282 1317 1”),
1319 1256 1752 1324 φιλοκτεανώτατε
1782 1264 1999 1313 πάντωνῖ

484 1363 526 1393 et
560 1349 684 1413 quod
716 1350 963 1412 respondet
994 1350 1297 1411 Agamemno,
1331 1351 1387 1395 Jl.
1419 1367 1466 1407 α,
1500 1353 1606 1399 131.

737 1430 802 1491 μὴ
837 1426 879 1475 δ’
916 1426 1094 1487 οὕτως,
1130 1430 1317 1491 ἀγαθός
1350 1449 1438 1497 περ
1472 1432 1585 1494 ἐών,
1617 1435 1844 1482 θεοείκελ’
1879 1437 2132 1501 Ἀχιλλεῦ,

744 1512 922 1559 κλέπτε
958 1510 1075 1575 νόῳέ

484 1599 606 1642 Paris
643 1614 745 1642 cum
771 1596 1040 1643 Diomedem
1075 1596 1377 1651 vulnerasset,
1410 1599 1648 1661 superbius
1686 1598 1932 1642 exclamare
1970 1598 2152 1651 dicitur,
2191 1601 2241 1642 Jl.
2282 1600 2324 1659 λ,
2360 1603 2466 1646 380.

746 1677 969 1743 βέβληαι,
1006 1673 1114 1726 οὐδ’
1146 1675 1287 1727 ἅλιον
1321 1676 1460 1743 βέλος
1494 1675 1717 1748 ἔκφυγεν·
1753 1682 1811 1735 ὡς
1839 1677 2021 1749 ὄφελόν
2057 1700 2158 1741 τοι,

749 1760 944 1809 νείατον
979 1759 1025 1818 ές
1059 1765 1261 1810 κενεῶνα
1288 1761 1476 1828 βαλών,
1512 1762 1563 1810 ἐκ
1597 1760 1760 1823 θυμὸν
1796 1760 2019 1807 ἑλέσθαιῖ

747 1844 873 1893 οὕτω
908 1864 984 1894 κεν
1018 1847 1100 1893 καὶ
1131 1851 1284 1911 Τρῶες
1319 1848 1623 1895 ἀνέπνευσαν
1658 1846 1950 1900 κακότητος,

748 1928 851 1976 οἵτε
888 1948 944 1976 σε
979 1932 1270 1998 πεφρίκασι,
1303 1932 1463 1977 λέονθ’
1504 1934 1563 1984 ὡς
1598 1927 1803 1991 μηκάδες
1840 1926 1978 1991 αἶγες.

489 2016 579 2061 Sed
629 2017 697 2060 his
754 2018 862 2079 ipsis
905 2017 1049 2061 verbis
1108 2033 1379 2078 magnopere
1425 2016 1576 2060 laudat
1618 2016 1914 2069 Diomedem,
1975 2034 2111 2076 quum
2159 2015 2463 2059 fortitudinem
2512 2018 2601 2059 cius

487 2098 721 2161 praedicat
757 2112 824 2153 et,
871 2112 1085 2161 quantum
1120 2102 1327 2145 timorem
1362 2101 1569 2144 Troianis
1603 2100 1805 2151 incutiat,
1852 2098 2096 2143 confitetur.
2168 2098 2346 2141 Falsum
2384 2112 2448 2141 cst
2485 2101 2601 2143 euim

489 2195 532 2226 et
565 2183 619 2226 ab
652 2183 879 2226 homerica
914 2194 1065 2226 mente
1100 2184 1323 2232 abhorret,
1361 2183 1484 2245 quod
1520 2182 1751 2227 scholiasta
1787 2195 1938 2224 monet
1969 2181 2025 2222 ad
2060 2182 2136 2222 1.1.
2176 2199 2209 2220 v.
2244 2182 2349 2225 383.
2388 2180 2446 2222 τὸ
2476 2176 2601 2225 ὶδιον

487 2262 647 2314 πάθος
681 2260 759 2308 ἐπὶ
790 2262 980 2315 πάντας
1009 2260 1202 2320 εἰκάζει.
1273 2265 1401 2310 Idem
1435 2279 1557 2327 patet
1593 2283 1645 2310 ex
1682 2266 1880 2309 oratione
1916 2265 2124 2317 Pandam-i,
2174 2265 2249 2324 qui
2288 2283 2386 2306 cum
2423 2266 2604 2306 Diome-

489 2348 592 2391 dem
627 2350 777 2411 sagitta
812 2365 903 2391 non
937 2348 1219 2399 trucidasset,
1256 2350 1377 2393 hasta
1414 2349 1611 2393 eundem
1648 2347 1908 2410 aggrediens
1947 2348 2079 2392 «licit.
2117 2348 2168 2390 Jl.
2208 2361 2239 2391 ε,
2274 2350 2382 2391 277.

752 2430 1109 2496 καρτερόθυμε,
1141 2426 1385 2492 δαΐφρον,
1423 2431 1609 2489 α’γαυοῦ
1642 2426 1822 2481 Τυδέος
1857 2430 1950 2485 υἱέ,

751 2509 778 2565 ἢ
815 2515 953 2574 μάλα
986 2516 1034 2557 σ’
1068 2514 1124 2556 οὐ
1154 2511 1295 2576 βέλος
1331 2514 1427 2557 ὠκὺ
1463 2510 1796 2573 δαμάσσατο,
1835 2513 1998 2573 πικρὸς
2032 2510 2223 2564 ὀϊστός·

751 2601 837 2644 νῦν
874 2593 990 2644 αὕτ’
1017 2595 1176 2662 ἐγχείῃ
1214 2601 1531 2661 πειρήσομαι,
1569 2602 1621 2644 αὶ
1656 2615 1704 2644 κε
1740 2600 1952 2661 τύχωμι,

490 2686 645 2746 Itaque
694 2684 740 2727 in
785 2681 973 2728 Achillis
1032 2682 1228 2727 oratione
1280 2681 1353 2741 (Jl.
1392 2697 1453 2737 α,
1490 2680 1855 2742 {iffi—412),
1918 2701 1998 2744 qua
2056 2683 2261 2723 ultionem
2320 2694 2527 2739 precatur
2579 2699 2599 2720 a

490 2779 656 2820 matre,
716 2763 828 2809 illud
887 2761 1161 2828 εὖρυκρείων
1206 2761 1511 2824 Ἀγαμέμνων
1565 2763 1712 2821 (411.)
1767 2783 1852 2807 non
1896 2765 2167 2806 stomachos(-
2206 2762 2372 2802 dictum
2409 2776 2495 2806 est,
2560 2777 2600 2803 ιιι

563 2936 593 2980 “)
621 2935 824 2973 Βεηῑίεἱυε,
865 2945 941 2967 cum
967 2934 1002 2968 in
1030 2933 1097 2968 hoc
1124 2935 1200 2967 loco
1225 2934 1367 2975 vulgata
1391 2933 1496 2966 lectio
1522 2934 1563 2966 ad
1591 2945 1731 2967 sensum
1764 2933 1872 2965 minus
1906 2931 2081 2976 placeret.
2122 2928 2284 2974 κέρδιστε
2316 2930 2432 2969 legere
2459 2928 2600 2959 maluit:

624 2999 722 3045 quod
747 3001 892 3033 omnino
921 2999 1189 3045 improbandum
1217 3004 1279 3031 est.
