2984 3600
520 204 597 264 -e

1344 268 1639 317 ...3.-

429 432 432 435 Ᾰ
564 399 723 450 Alium
756 396 1079 471 &moab-ol
1110 396 1270 456 ὶόηες
1300 397 1383 449 eat
1413 398 1506 450 τὸν
1534 401 1714 468 μόρον,
1755 397 1862 453 οἷον
1896 400 2119 471 ἄψυχα·
2182 402 2285 455 dno
2319 410 2413 452 τοῦ
2444 422 2559 472 προ.

417 479 723 551 φανόςδπὶ
765 479 858 537 τὴν
897 479 1144 532 ἀπώλειαν
1178 480 1322 542 lhu-
1386 487 1631 552 Dionysius
1673 489 1829 535 Thrax
1866 465 2242 560 aputlffApollon.
2284 489 2428 555 Soph.
2474 490 2556 536 lex.

431 570 560 617 hom.-
584 583 621 615 ι.
650 584 691 614 v.
1964 572 1980 620 ’ᾖ
2008 576 2013 580 ·

562 650 721 699 Aliter.
755 647 956 719 ἰόμωροι
983 667 1104 709 non,
1135 661 1188 696 ut
1220 650 1355 717 vulgo
1386 648 1625 709 indiam,
1658 654 1715 697 ab
1751 650 1839 709 ἰός,
1872 657 2062 716 sagitta,
2096 654 2183 700 sed
2213 656 2270 699 ab
2311 656 2399 710 ἴον,
2422 657 2558 712 viola,

435 733 730 788 derivandum
763 735 1066 793 existimatu-3
1098 729 1174 807 ὶᾲ
1206 735 1328 780 enim
1359 735 1657 800 penultimam
1688 736 1964 801 productam
1998 739 2155 794 habet,
2187 741 2268 786 lor
2300 756 2409 786 vero
2441 757 2560 786 sem-

433 834 524 883 per
557 830 823 884 correptam.
891 819 1045 877 Qum
1078 817 1128 864 in
1160 817 1349 866 Homeri
1374 817 1488 866 locis
1519 835 1606 867 vox
1632 818 1879 866 reddenda·
1910 832 2005 877 est,
2054 820 2141 867 fato
2170 821 2312 869 violae
2348 821 2559 869 destinati

430 903 476 949 h.
512 919 550 948 e.
582 902 733 951 brevis
765 902 895 949 vitne.
964 900 1090 947 Haec
1117 899 1213 947 fere
1231 895 1497 950 'observavit
1523 902 1745 948 Antonius
1778 901 2023 958 Askevius‚
2057 901 2259 948 laudatus
2293 905 2347 949 ab
2366 904 2556 951 Alberto

431 984 489 1032 ad
520 984 795 1050 Hesychium
828 1001 862 1030 s.
899 1002 939 1031 v.
978 979 1197 1049 ἰόμωροι.

559 1068 717 1115 Aliter.
750 1069 951 1132 Heynius
984 1067 1044 1114 ad
1075 1068 1132 1114 Jl.
1166 1070 1222 1114 T.
1248 1069 1329 1126 IV,
1360 1086 1407 1132 p.
1432 1065 1551 1118 604.
1579 1081 1737 1113 vocem
1771 1067 2000 1131 antiquam
2033 1082 2157 1122 esse,
2190 1083 2341 1129 neque
2376 1067 2433 1112 de
2461 1053 2554 1116 eius

427 1153 500 1207 vi,
534 1168 671 1196 sensu
706 1164 753 1196 et
787 1164 938 1214 etymo
974 1151 1152 1216 liquere
1187 1153 1429 1210 existimat3
1465 1152 1648 1199 coniicit
1680 1163 1861 1206 tamen,
1891 1149 2161 1197 vocabulum
2190 1149 2296 1196 duci
2330 1167 2465 1214 posse
2500 1153 2555 1196 ab

427 1236 524 1290 loc,
570 1231 747 1294 μόνος,
794 1246 845 1280 ut
879 1236 1188 1298 significentur
1221 1235 1384 1281 eodem
1419 1235 1507 1281 fato
1552 1236 1665 1289 nati,
1710 1233 1783 1279 vel
1831 1250 1966 1297 pares
2013 1250 2244 1277 aerumnas
2296 1232 2553 1279 tolerantes.

426 1316 555 1361 Idem
588 1319 656 1362 vir
685 1317 842 1363 doctus
876 1334 970 1362 non
1001 1317 1179 1364 videtur
1210 1335 1418 1365 recusare
1450 1319 1634 1364 Askevii
1671 1304 2106 1381 interpretationem,
2155 1309 2240 1362 sed
2286 1334 2384 1361 eam
2418 1318 2557 1362 ratio-

426 1416 531 1446 nem
562 1402 764 1464 sequitur
783 1434 798 1455 ‚
831 1417 967 1464 quam
995 1400 1053 1447 de
1088 1401 1246 1446 eadem
1278 1418 1388 1448 voce
1421 1402 1743 1464 Koeppenium
1777 1396 1989 1446 statuisse
2008 1398 2234 1453 videmus,
2266 1413 2316 1444 ut
2347 1401 2554 1447 homines

424 1484 612 1529 miseros
639 1483 831 1529 indicari
860 1483 990 1543 velit3
1023 1485 1072 1528 in
1107 1485 1230 1529 cuius
1263 1485 1335 1529 rei
1368 1483 1709 1531 similitudinem
1743 1484 1935 1530 afferunt
1962 1484 2244 1529 homericum
2278 1482 2394 1528 illud
2440 1498 2556 1547 πορ-

425 1564 603 1629 φύρεος
648 1564 884 1619 θάνατος.
954 1567 1047 1612 Sed
1080 1580 1131 1613 ut
1166 1568 1225 1612 de
1252 1569 1494 1614 verborum
1529 1586 1663 1614 sensu
1690 1585 1812 1613 nunc
1852 1581 2049 1622 taceam,
2088 1569 2188 1629 quis
2222 1568 2404 1611 haereat
2431 1568 2554 1629 apud

424 1652 672 1695 Homerum
705 1654 754 1694 in
782 1651 946 1697 vocalis
983 1653 1189 1714 ancipitis
1223 1665 1380 1697 natura
1413 1652 1634 1715 urgenda,
1671 1654 1861 1697 maxime
1886 1669 2026 1714 quum
2053 1652 2101 1694 in
2130 1650 2406 1712 longioribus
2429 1669 2554 1696 com-

422 1733 672 1797 positisque
706 1734 935 1780 vocabulis
972 1736 1070 1780 soni
1111 1736 1297 1780 suavitas
1331 1737 1536 1798 inprimis
1573 1736 1899 1782 obse1·vetur?‚
1935 1735 2112 1777 Etenim
2151 1734 2239 1778 illis
2282 1734 2439 1778 litteris
2483 1735 2540 1776 ad

417 1816 676 1861 facilitatem
708 1834 859 1862 versus
893 1817 1121 1880 pangendi
1155 1820 1343 1862 maxima
1376 1830 1510 1881 atque
1546 1818 1704 1862 eadem
1750 1818 1934 1861 libertas
1973 1834 2186 1861 concessa
2232 1830 2353 1870 crat,
2410 1835 2541 1877 quam

417 1899 646 1945 vocalibus
681 1915 703 1944 ε
738 1914 782 1946 et
813 1916 840 1945 ο
877 1918 1133 1947 concessam
1162 1902 1384 1958 videmu53
1432 1914 1751 1964 praeterquam
1796 1899 1920 1960 quod
1965 1901 2012 1940 in
2054 1900 2122 1942 his
2166 1899 2351 1960 quidem
2382 1914 2539 1959 postea

418 1978 619 2028 diversae
652 1982 824 2028 formae
860 1982 1080 2030 diversam
1113 1997 1316 2029 naturam
1349 1984 1679 2047 significarunt,
1728 1984 1776 2026 in
1808 1982 1896 2027 illis
1931 1984 2050 2026 varia
2089 1983 2187 2026 soni
2226 1984 2290 2027 vis
2326 1999 2413 2025 una
2448 1983 2541 2026 for-

413 2066 606 2111 matione
643 2083 853 2130 expressa
888 2081 966 2114 est.
1035 2069 1183 2114 Habes
1220 2074 1442 2133 μυρῖκαι,
1486 2069 1540 2114 Π.
1576 2074 1644 2133 φ,
1681 2069 1789 2115 350.
1833 2066 1913 2112 sed
1943 2077 2224 2130 μυρῐκῖἳσίν,
2269 2066 2324 2110 Jl,
2359 2072 2429 2128 φ,
2466 2065 2538 2110 18·

415 2152 614 2214 itemque
658 2149 1092 2215 φοινῖκοπαρῄους,
1139 2154 1226 2199 Od.
1263 2153 1316 2211 λ,
1374 2155 1479 2201 123.
1527 2154 1611 2199 sed
1654 2149 2038 2215 φοινῖκόεσσαν,
2089 2149 2147 2196 Π.
2179 2166 2230 2208 κ,
2280 2149 2386 2197 133.
2440 2148 2538 2192 alia.

414 2237 562 2291 Quare
580 2227 656 2280 'de
685 2236 728 2281 vi
757 2237 941 2282 metrica
974 2236 1179 2283 vocabuli
1204 2234 1408 2299 ἱόμωρος
1442 2236 1589 2282 nullus
1622 2238 1709 2281 nisi
1737 2236 1958 2282 morosior
1990 2235 2244 2280 homericae
2275 2229 2539 2293 simplicita-

413 2318 466 2361 tis
499 2319 724 2382 interpres
755 2318 917 2364 dubius
956 2336 1051 2365 esse
1085 2331 1254 2382 potest,
1309 2336 1460 2382 neque
1511 2319 1639 2365 facile
1675 2335 1946 2382 quemquam
1986 2319 2187 2363 existimo
2222 2317 2270 2360 in
2304 2326 2536 2378 posterum

411 2401 613 2460 sagittam
648 2417 743 2444 esse
779 2416 881 2444 cum
914 2399 1028 2446 viola
1062 2413 1430 2463 permutaturum.

539 2481 697 2528 Aliter.
730 2484 1026 2547 Koeppenius
1060 2483 1119 2529 ad
1152 2484 1206 2530 Π.
1244 2478 1291 2540 δ,
1314 2483 1421 2531 242.
1468 2484 1566 2541 (cfr.
1604 2483 1662 2528 ad
1694 2483 1748 2527 Jl.
1778 2479 1826 2545 β,
1861 2481 1991 2539 692.)
2024 2495 2149 2526 recte
2186 2479 2370 2543 quidem
2404 2481 2536 2523 vertit

405 2581 565 2611 vocem
602 2561 822 2631 ἰόμωρος,
848 2566 931 2613 sed
951 2569 1562 2631 perperaminterpretatur,
1593 2568 1758 2629 partim
1788 2578 1992 2611 veterum
2029 2578 2204 2610 errores
2238 2559 2534 2622 amplectens,

408 2667 547 2712 quum
583 2649 706 2706 dicit,
740 2651 904 2697 milites
951 2652 1188 2715 significari
1230 2653 1418 2698 miseriis
1460 2650 1738 2713 designatos,
1792 2651 1956 2713 partim
1990 2648 2149 2695 violam
2193 2644 2317 2690 illam
2351 2644 2536 2689 Askevii

407 2735 644 2795 arripiens,
679 2735 728 2779 in
763 2753 851 2796 qua
887 2735 1032 2782 solum
1067 2736 1267 2782 colorem
1291 2737 1588 2799 nigricantem
1622 2732 1956 2797 respiciendum
1992 2747 2087 2776 esse
2120 2740 2305 2781 censet,
2340 2728 2401 2772 ita
2436 2728 2536 2772 fere

404 2827 454 2859 ut
487 2817 577 2861 sint
605 2829 725 2862 atrae
758 2819 893 2863 morti
927 2817 1147 2875 destinati,
1171 2819 1417 2866 rationibus
1443 2818 1692 2882 depromtis
1730 2835 1782 2863 ex
1817 2813 1950 2862 simili
1986 2813 2311 2876 compositione
2348 2801 2536 2865 ὶοειδής,

404 2896 732 2962 ἱοπλόκαμος,
766 2898 1112 2968 ἰοβόστρυχος.
