2984 3600
1340 881 1344 886 '
1412 871 1529 932 5.1.
2249 927 2260 938 “

541 964 805 1012 Cannium
833 957 1169 1010 numericorum
1208 960 1624 1026 interpretationem
1674 958 1770 1022 qni>
1789 971 2084 1025 susceperunt
2099 993 2113 1015 ,
2172 959 2309 1007 multa
2345 977 2447 1008 cum
2477 963 2528 1010 in

409 1049 584 1105 rebus,
615 1060 711 1094 tum
760 1045 812 1090 in
854 1045 1004 1091 verbis
1053 1042 1285 1092 offendunt
1324 1044 1440 1091 mira
1483 1041 1752 1092 difficultatis
1795 1044 2005 1113 varietate
2054 1042 2250 1108 quadam
2294 1044 2529 1108 impedita3

412 1146 604 1195 quorum
634 1128 722 1175 dia
751 1144 840 1191 per
874 1145 922 1174 se
958 1128 1110 1176 abdita
1150 1141 1253 1175 sunt
1297 1141 1342 1174 et
1384 1138 1559 1174 retrusa
1604 1126 1845 1191 tantisque·
1881 1128 2107 1173 vetustatis
2154 1130 2280 1192 quasi
2333 1130 2530 1175 tenebris

411 1213 606 1261 obducta
641 1212 812 1267 iacent,
851 1223 902 1256 ut
932 1228 990 1257 ne
1024 1213 1251 1257 acerrimis
1287 1210 1476 1275 quidem
1509 1207 1912 1259 eruditissimum
1952 1209 2185 1255 hominum
2235 1208 2393 1254 studiis
2446 1227 2532 1254 ne-

411 1311 500 1359 que
542 1282 907 1358 praestantissimi
954 1292 1123 1358 ingenii
1170 1293 1376 1341 acumine
1422 1297 1622 1357 unquam
1674 1290 1920 1360 illustrari·⁴
1972 1301 2077 1358 03⁴8&
2126 1292 2391 1350 videantur-3
2446 1294 2532 1339 alia

411 1396 554 1443 eaque
589 1376 711 1423 haud
739 1394 882 1441 pauca
915 1375 1191 1440 aliquamdiu
1224 1377 1316 1424 visa
1350 1371 1454 1421 sunt
1486 1376 1819 1439 significationis
1861 1373 1920 1422 ob
1997 1362 2007 1368 ’Ἰ
2047 1389 2138 1422 tate
2172 1375 2311 1423 latere
2356 1390 2401 1423 et
2445 1393 2534 1440 per

410 1463 570 1509 multas
598 1462 804 1525 profecto
840 1471 1001 1506 aetates
1029 1459 1275 1515 latuerunt,
1310 1476 1460 1523 neque
1488 1470 1639 1506 tamen
1671 1474 1749 1502 sua
1782 1470 1941 1502 natura
1967 1459 2195 1520 ingentem
2231 1458 2533 1505 difficultatem

411 1546 517 1592 viris
551 1544 693 1592 doctis
726 1543 960 1608 parabant,
995 1542 1080 1590 sed
1112 1543 1168 1589 ab
1203 1544 1395 1606 antiquis
1428 1542 1708 1606 potissimum
1728 1541 1915 1588 Homeri
1949 1541 2269 1604 interpretibus
2305 1554 2393 1586 tam
2417 1543 2532 1588 male

367 1660 372 1664 -
411 1631 564 1675 habita·
606 1640 709 1675 sunt
746 1639 927 1691 tamque
982 1625 1170 1672 mirifice
1216 1624 1402 1672 distorta
1443 1625 1734 1679 coniecturis,
1778 1637 1828 1671 ut
1866 1625 1949 1687 qui
1997 1625 2326 1670 observationes
2380 1643 2535 1670 eorum

412 1711 616 1773 legisset,
644 1708 941 1755 vdissensione
979 1720 1113 1771 atque
1161 1709 1424 1770 opinionum
1469 1709 1658 1754 vanitate
1696 1708 1823 1771 quasi
1858 1708 2120 1753 obcaecatus
2166 1707 2226 1752 de
2272 1725 2347 1752 sua
2391 1710 2533 1753 inter-

413 1791 667 1855 pretatione
702 1807 794 1837 non
827 1792 887 1837 ita
919 1789 1113 1837 multum
1147 1788 1297 1835 salutis
1322 1807 1508 1853 sperare
1543 1805 1709 1855 posset.
1776 1792 1892 1838 Nam
1926 1804 1975 1836 ut
2004 1792 2099 1837 aliis
2129 1793 2386 1838 nominibus
2422 1795 2535 1837 vitu-

415 1872 609 1936 perandi
649 1886 752 1918 sunt
789 1871 968 1936 linguae
1009 1873 1319 1934 indagatores,
1347 1875 1436 1919 -ita
1486 1876 1674 1921 maxime
1717 1877 1763 1920 in
1797 1877 1994 1921 Homero
2030 1890 2349 1938 peccaverunt,
2409 1876 2533 1938 quod

415 1958 547 2020 plura
580 1956 821 2012 {rocabula‚
853 1974 1045 2020 quorum
1079 1958 1389 2020 cognationem
1411 1958 1690 2004 doctissimus
1726 1961 1917 2022 quisque
1953 1960 2190 2022 probatam
2223 1972 2533 2022 perspectam·

419 2057 508 2103 que
540 2041 704 2095 habet,
735 2040 907 2103 singula
941 2039 1231 2086 considerant
1265 2053 1309 2086 et
1343 2057 1396 2084 ex
1431 2057 1510 2086 suo
1546 2042 1728 2086 arbitrio
1763 2052 1933 2084 temere
1970 2041 2214 2102 explicant,
2248 2043 2420 2087 ratione
2454 2042 2533 2085 ha-

417 2125 509 2167 bita
547 2125 640 2168 eius
675 2125 953 2176 sententiae,
989 2140 1123 2185 quam
1158 2140 1234 2166 sua
1266 2123 1351 2167 sibi
1379 2124 1659 2186 impudentia
1693 2124 1928 2169 finxerunt.
2010 2124 2061 2167 In
2097 2140 2185 2187 quo
2223 2124 2407 2187 quidem
2444 2138 2535 2171 stu-
2564 2183 2567 2186 Ι

420 2206 495 2252 dio
529 2208 630 2252 vani
665 2208 942 2253 coniectores
982 2221 1171 2268 operam
1210 2224 1453 2270 curamque
1499 2209 1676 2271 egregie
1722 2220 2003 2261 consumunt,
2053 2220 2102 2251 ut
2137 2225 2328 2271 quorum
2360 2222 2534 2254 mentes

421 2308 497 2335 sua
527 2289 730 2335 doctrina
762 2289 987 2335 illustrare
1023 2289 1243 2343 debeant,
1285 2292 1338 2334 iis
1382 2291 1491 2351 ipsis
1526 2292 1676 2336 lucem
1710 2293 1901 2353 eripiant
1943 2305 1985 2335 et
2020 2293 2145 2354 quasi
2186 2305 2364 2336 noctem
2396 2311 2537 2356 quan—

422 2373 526 2419 dam
557 2373 692 2418 rebus
741 2371 979 2418 offundant.
1073 2372 1166 2417 Sed
1210 2386 1389 2434 utmquo
1437 2375 1662 2435 pertineat
1699 2375 1814 2417 haec
1849 2391 1946 2417 mea
1982 2376 2300 2437 reprehensio,
2342 2377 2534 2439 ingenue

420 2457 583 2511 fatear,
630 2474 711 2520 ego
747 2473 853 2501 vero
890 2457 1033 2518 cogito
1069 2455 1129 2500 de
1163 2456 1390 2501 vocabulis
1424 2458 1662 2502 homericis
1712 2459 1759 2500 in
1789 2461 2004 2505 ΜΩΡΟΣ
2040 2457 2368 2513 desinentibus,
2422 2477 2535 2521 quae

421 2543 506 2586 tria
538 2552 661 2594 sunt,
698 2537 923 2603 ἰόμωρος,
958 2539 1012 2583 Jl.
1044 2533 1094 2596 δ,
1131 2537 1239 2586 242.
1275 2533 1324 2597 ξ,
1359 2537 1469 2590 479.
1513 2536 1863 2601 ἐγχεσίμωρος,
1898 2541 1952 2583 Jl.
1985 2537 2032 2602 β,
2068 2541 2177 2588 692.
2213 2541 2321 2587 840.
2357 2556 2399 2596 η,
2430 2541 2538 2587 134.

424 2625 512 2670 Od.
544 2640 586 2685 γ,
626 2623 732 2669 188.
766 2620 1105 2687 ὑλακόμωρος,
1141 2623 1229 2667 Od.
1266 2618 1316 2680 ξ,
1352 2623 1426 2669 29.
1460 2638 1519 2682 π,
1553 2622 1598 2669 4.
1635 2622 1914 2686 adiungimus
1950 2636 2178 2686 quartum,
2226 2623 2349 2685 quod
2384 2643 2539 2682 unum,

424 2712 472 2754 ni
506 2708 661 2762 fallor,
696 2707 870 2752 accedit
903 2706 1151 2762 Herodoti,
1186 2704 1483 2770 σινάμωρος,
1516 2708 1572 2761 V,
1608 2706 1684 2752 92.
2278 2684 2294 2704 ⁰

558 2792 651 2837 Iam
684 2805 815 2837 voces
849 2790 947 2836 illas
978 2790 1228 2837 homericas
1263 2789 1316 2835 ab
1352 2789 1542 2852 antiquis
1582 2788 1690 2835 inde
1735 2786 2008 2849 temporibus
2048 2786 2105 2832 ad
2155 2801 2356 2834 nostram
2397 2808 2540 2851 usque

431 2886 621 2919 aetatem
657 2873 953 2919 diversissima
986 2874 1158 2919 ratione
1195 2872 1433 2936 explicatas
1472 2887 1589 2927 esse,
1635 2870 1763 2918 facile
1808 2868 2081 2932 intelligunt,
2134 2871 2211 2933 qui
2245 2871 2543 2934 interpretum

427 2960 474 3001 in
521 2960 707 3006 Homeri
751 2959 941 3007 carmina
987 2957 1326 3006 commentarios
1367 2955 1583 3005 evolvunt.
1653 2954 1873 3013 *Quarum
1925 2954 2186 3017 opinionum
2233 2973 2314 3018 age
2358 2957 2543 3006 brevem

2252 3044 2270 3085 l
