2984 3600
1328 298 1664 339 -10-

433 423 712 493 δυσβουλια
733 430 824 477 sive
832 419 1155 491 αακοβουλία,
1180 421 1473 491 duodennos
1503 425 1645 484 idem,
1673 425 2209 500 ςυοᾰῆκοπρόσωπος,
2246 429 2381 501 «ἴβιος
2412 436 2554 492 idem,

435 513 571 578 quod
580 506 827 576 δύσβωςξ
846 512 958 558 item
974 507 1130 577 γάμος
1151 524 1351 572 aym,
1373 502 1506 574 δόρῦ
1527 501 1762 576 ἄδιψα.-
1758 514 1935 570 Quare
1952 517 2135 565 amad
2160 518 2284 564 idem
2316 529 2398 574 est,
2426 518 2555 582 quod

439 591 537 652 δυς,
561 593 855 659 utPenclope
872 589 1040 641 dicim
1059 587 1212 659 μῆτερ
1227 592 1332 656 ἐμή,
1352 586 1617 657 δύσμητερ,
1651 592 1813 654 Οᾶ.·,ψ
1824 594 1906 643 97.-
1919 597 2135 661 itemque
2150 601 2269 659 JLo,
2284 600 2372 652 54.
2404 601 2561 648 Achil..

436 679 491 725 lis
524 691 666 725 mater
687 673 1166 744 δυσαριστοτόκεια,
1201 696 1315 742 quae
1350 677 1579 742 egregium
1608 675 1755 723 filium
1782 679 1990 742 peperit,
2037 680 2121 725 sed
2153 681 2256 730 ‹ln-0
2293 685 2384 732 fato
2424 685 2561 732 dati-a.

439 763 830 830 natum.1taque
854 756 1074 825 ἄμμορος
1089 759 1166 824 (Π.
1184 758 1229 820 ζ,
1247 761 1383 821 408.)
1414 761 1541 807 idem
1571 757 1804 821 significat,
1838 759 1963 823 quod
1988 754 2244 827 δυστυχής
2267 766 2358 811 sive
2375 760 2564 827 δύσμο-

439 861 549 911 ρος;
599 844 859 908 eodemque
887 845 1026 892 modo
1068 843 1458 908 interpretandum
1491 855 1559 889 est
1584 838 1805 908 ἀμμορίη
1834 842 1948 902 (Od.
1977 858 2036 903 υ,
2074 842 2176 903 76.)
2189 845 2209 901 ,'
2238 848 2560 906 infortunium.

577 926 629 992 g)
664 928 719 973 In
771 946 883 976 voce
918 922 1237 991 δυσάμμορος
1267 925 1344 992 (Jl.
1381 943 1443 992 χ,
1476 927 1591 976 428.
1624 924 1741 976 485.
1786 941 1846 985 ω,
1876 926 2014 987 727.)
2055 927 2315 994 particulae.
2336 923 2423 984 δυς
2455 944 2500 979 et
2532 949 2567 978 α

448 1013 684 1076 copulatae
729 1015 827 1062 vim,
849 1013 1104 1059 calamitatis
1139 1013 1228 1058 fato
1265 1013 1457 1058 tributae
1490 1022 1672 1073 augent.

582 1096 628 1143 3.
694 1095 770 1142 Ad
802 1096 879 1142 sati
911 1097 1139 1156 notionem
1170 1094 1348 1142 accedit
1378 1094 1638 1161 significatio
1674 1096 1854 1151 mortis,
1891 1096 2064 1160 quippe
2099 1115 2215 1161 quae
2247 1099 2444 1144 omnium
2477 1096 2566 1143 sato

449 1182 739 1228 contineatur.
811 1179 948 1224 Cuius
980 1180 1048 1223 rei
1082 1178 1291 1240 exempla
1320 1179 1543 1241 quaedam
1571 1194 1866 1241 apponamus.

584 1260 631 1323 a)
663 1259 906 1326 μόρσιμος
941 1274 1008 1306 est
1039 1263 1173 1307 morti
1207 1261 1473 1320 destinatus3
1505 1262 1726 1323 probatur
1756 1261 1807 1305 id
1838 1261 1896 1305 Jl.
1921 1276 1975 1324 χ,
2002 1262 2079 1307 13.
2115 1264 2194 1306 uhi
2227 1263 2397 1325 Apollo
2419 1262 2569 1308 Achil-

449 1343 537 1386 lem
571 1343 815 1405 alloquitur
847 1342 916 1386 his
954 1341 1117 1394 verbis,

712 1422 772 1467 οὐ
807 1420 896 1482 μέν
931 1436 990 1481 με
1024 1419 1249 1476 κτενέεις,
1285 1415 1389 1464 ἐπεὶ
1424 1406 1563 1464 οὗτοι
1591 1415 1836 1481 μόρσιμός
1865 1422 1982 1482 εἰμι.

448 1491 576 1550 Ιᾶέω
609 1506 730 1550 valet
762 1507 811 1548 in
844 1505 1041 1549 dictione
1076 1500 1323 1565 μόρσιμον
1357 1496 1513 1567 ἦμαρ,
1550 1504 1642 1549 Od.
1678 1519 1718 1563 κ,
1755 1505 1864 1550 175.

584 1586 638 1649 b)
673 1587 916 1650 ὠκύμορος
951 1588 1143 1631 alterum
1176 1585 1444 1631 vocabulum
1479 1600 1574 1643 est,
1624 1587 1750 1650 quod
1785 1588 1842 1633 de
1875 1600 2018 1633 morte
2051 1588 2443 1651 interpretandum
2479 1606 2574 1635 esse

452 1673 586 1717 dicas.
657 1672 804 1715 Habet
848 1669 964 1713 illud
1014 1668 1246 1732 duplicem
1293 1670 1693 1731 significationem,
1742 1667 1984 1735 passivam}
2028 1673 2108 1736 qui
2156 1684 2328 1719 mature
2376 1673 2577 1726 moritur,

454 1755 509 1798 Jl.
544 1771 591 1805 σ,
627 1756 706 1801 95.
741 1767 784 1797 et
816 1756 1024 1805 activam,
1063 1755 1140 1814 qui
1173 1753 1380 1796 celeriter
1413 1766 1607 1798 mortem
1641 1765 1788 1816 parat,
1820 1766 1866 1799 ut
1900 1750 1967 1799 ἰοὶ
2001 1745 2263 1817 ὠκύμοροι,
2297 1754 2354 1799 Jl.
2391 1769 2434 1809 0,
2468 1752 2582 1801 441.

1456 1889 1495 1948 §-
1529 1889 1575 1934 6.

592 2005 713 2048 Haec
744 2002 943 2047 tenenda
976 2014 1078 2046 sunt
1109 2002 1165 2045 de
1201 2018 1308 2047 voce
1344 1998 1491 2062 μόρος
1530 2015 1662 2064 atque
1697 2002 1755 2047 ad
1789 2004 2119 2065 significationis
2152 2006 2398 2056 rationem,
2447 2020 2582 2064 quam

455 2088 653 2131 secundo
689 2086 791 2129 loco
829 2085 1115 2146 exposuimus
1138 2119 1149 2137 ‚
1185 2083 1445 2128 referendas
1482 2102 1577 2128 esse
1613 2102 1842 2130 censemus
1871 2102 2003 2131 voces
2034 2085 2360 2148 ἐγχεσίμωρος
2383 2119 2397 2141 ,
2435 2083 2583 2143 ἰόμω-

454 2188 532 2234 poc
558 2207 569 2223 ‚
602 2166 939 2232 ύλακόμωρος“,
976 2167 1281 2230 σινάμωρος,
1316 2169 1451 2213 modo
1484 2181 1668 2222 statuas,
1705 2184 1732 2212 ο
1766 2180 1983 2212 mutatum
2020 2187 2115 2213 esse
2151 2171 2197 2211 in
2232 2184 2295 2222 ως
2334 2185 2473 2230 quam
2509 2167 2583 2209 lit-

456 2268 575 2299 terae
602 2253 950 2316 productionem
986 2253 1043 2297 ob
1077 2251 1234 2296 multas
1266 2254 1426 2296 breves
1462 2251 1660 2305 vocales,
1712 2270 1826 2313 quae
1868 2254 1914 2294 in
1949 2252 2036 2295 illis
2067 2254 2251 2295 vocibus
2286 2250 2581 2300 cumulantur,

454 2338 695 2381 necessitas
725 2337 908 2381 metrica
936 2335 1146 2397 postulat.
1215 2335 1389 2381 Scimus
1425 2337 1568 2387 enim,
1604 2337 1682 2396 qui
1718 2336 1963 2379 Homerum
2001 2335 2218 2397 legimus,
2266 2333 2407 2377 multo
2441 2333 2579 2374 auda-

458 2422 550 2462 cius
579 2417 746 2462 litteras
778 2418 1024 2479 permutari
1059 2415 1394 2478 qualescunque
1449 2429 1491 2460 et
1532 2418 1720 2470 formas,
1766 2433 1800 2460 α
1835 2418 2030 2479 produci
2065 2420 2112 2459 in
2146 2432 2200 2470 η,
2245 2429 2293 2460 ut
2327 2411 2583 2477 χαλκοβά-

455 2516 539 2551 της
571 2494 652 2560 (Jl.
688 2515 737 2553 a,
773 2497 905 2555 426.)
941 2512 985 2544 et
1018 2496 1339 2561 ἐμπυριβήτης
1375 2495 1451 2558 (Jl.
1488 2501 1540 2555 ψ,
1579 2495 1736 2557 702.);
1772 2516 1804 2543 α
1842 2503 1888 2543 in
1922 2517 1990 2552 αι,
2026 2514 2074 2543 ut
2106 2497 2243 2562 παρά
2279 2498 2357 2556 (Jl.
2395 2513 2444 2551 a,
2482 2496 2587 2555 26.)

459 2596 501 2628 et
524 2579 685 2644 παραί
711 2581 851 2641 (J1.0‚
884 2577 1039 2640 175.);
1074 2597 1094 2625 ε
1117 2583 1164 2625 in
1181 2598 1222 2634 η,
1259 2595 1306 2626 ut
1336 2580 1493 2642 μέροψ
1526 2580 1599 2642 (Jl.
1629 2599 1678 2637 α,
1705 2579 1836 2643 250.)
1872 2596 1916 2627 et
1936 2578 2206 2646 μερμηρίζω
2242 2583 2318 2640 (Jl.
2349 2596 2399 2636 α,
2433 2576 2584 2640 119.);

462 2683 478 2711 ε
527 2669 572 2710 in
615 2682 676 2721 ει,
717 2679 767 2711 ut
811 2662 931 2710 λέων
984 2660 1065 2723 (Jl.
1099 2680 1148 2718 ο,
1184 2661 1316 2724 630.)
1369 2678 1411 2708 et
1462 2662 1650 2711 λείουσι
1698 2668 1772 2724 (Jl.
1808 2682 1852 2720 ε,
1890 2665 2043 2723 782.);
2094 2681 2121 2710 ο
2167 2667 2211 2710 in
2246 2680 2298 2722 η,
2333 2678 2383 2710 ut
2430 2662 2588 2724 ὀλιγο-

462 2744 672 2815 δρανέων
721 2745 796 2809 (Jl.
834 2765 886 2802 o,
924 2743 1061 2807 246.)
1111 2761 1157 2792 et
1191 2745 1570 2806 ὀλιγηπελέουσα
1616 2752 1723 2809 (Od.
1760 2766 1821 2807 τ,
1857 2747 2010 2811 356.);
2066 2766 2092 2794 ο
2133 2752 2180 2795 in
2213 2765 2294 2805 οι,
2347 2762 2395 2794 ut
2444 2744 2588 2812 μόρος

461 2833 572 2890 (Οά.
603 2847 656 2888 π,
691 2830 827 2888 421.)
856 2843 901 2877 et
933 2832 1086 2893 μοῖρα
1115 2828 1192 2892 (Jl.
1230 2846 1280 2885 π,
1315 2830 1469 2889 853.);
1499 2847 1525 2875 ο
1560 2836 1606 2878 in
1640 2850 1719 2888 ου,
1755 2847 1804 2880 ut
1837 2829 2040 2897 δολιχός
2069 2831 2144 2896 (Jl.
2178 2849 2218 2892 κ,
2256 2829 2356 2893 52.)
2394 2844 2436 2878 et
2470 2824 2589 2876 δου-

462 2912 739 2980 λιχόδειρος
773 2917 845 2974 (Jl.
881 2914 926 2978 β,
961 2915 1111 2972 460.).
1183 2919 1338 2978 Itaque
1394 2934 1494 2960 cum
1528 2918 1852 2979 productiones
1886 2918 2102 2964 eiusmodi
2150 2920 2196 2964 in
2230 2916 2415 2979 reliquis
2461 2931 2590 2959 voca-
