2984 3600
1438 347 1767 395 ...16—

527 487 765 532 Dammius
798 497 926 549 putat
967 478 1076 544 (lex.
1107 483 1277 528 homer.
1317 498 1349 528 s.
1384 499 1423 528 v.
1459 475 1797 545 εὐρυκρσΐων),’
1829 479 1916 525 ned
1934 482 2218 530 exilior-um
2256 484 2657 547 temporumtem-

532 568 791 623 suetudine;
826 582 961 629 quam
990 563 1177 628 quidem
1207 564 1470 611 sententiam
1503 564 1749 609 sexcenties
1781 562 1970 624 probari
1993 566 2205 611 existimo
2219 600 2233 621 ,
2266 567 2347 611 ubi
2378 565 2657 610 recentiores

532 653 799 712 interpretes
832 665 1019 712 prorsus
1054 646 1154 693 alia'
1175 648 1375 694 divinant
1422 661 1466 694 et
1499 648 1783 702 coniiciunt,·'
1806 646 1973 691 nomia
2003 647 2203 694 moribus
2236 649 2519 713 politioribus
2560 646 2659 692 Sor-

530 745 642 776 tasse
679 742 1001 785 consentanea,
1049 731 1105 775 ab
1147 731 1374 776 homerica
1410 742 1550 775 aetate
1593 716 1871 776 alienissima.
1936 730 2017 775 Hi.-
2071 733 2227 792 paucis
2274 733 2390 778 loeis
2435 731 2545 798 quid
2595 730 2654 775 de

529 812 681 859 multis
736 813 948 869 sentiam,
987 811 1158 860 dictum
1192 826 1309 871 est03
1366 812 1448 860 sed
1501 830 1668 878 operae
1686 812 1906 877 ‘pretium
1955 825 2039 867 est,
2081 812 2296 881 singulari
2340 815 2650 879 disquisitione

531 897 717 942 Homeri
753 898 949 942 carmina
987 913 1039 943 eo
1072 897 1255 944 nomine
1287 896 1560 945 enucleatius
1592 910 1882 961 pertractare,
1916 909 1986 952 ut,
2012 913 2103 960 quo
2129 896 2266 941 modo
2302 914 2480 959 quaque
2506 913 2657 944 mente

473 1000 477 1005 ·
533 983 733 1038 convicia
769 981 893 1047 apud
922 982 1170 1028 Homerum
1198 980 1508 1044 proferantur,
1542 993 1747 1026 accurate
1783 977 2007 1025 doceatur.
2077 976 2211 1034 Quod
2252 979 2332 1040 qui
2364 977 2658 1023 familiaritate

532 1079 635 1107 cum
665 1064 865 1109 Homero
903 1076 1132 1109 contracta
1180 1063 1264 1106 rite
1298 1063 1533 1125 suscipiet,
1584 1078 1677 1107 non
1711 1060 2008 1107 dubitandum
2028 1073 2132 1115 ·est,
2187 1062 2297 1124 quin
2331 1059 2388 1105 de
2420 1060 2656 1122 permultis

531 1146 644 1191 locis
679 1147 859 1209 egregie
892 1159 1075 1190 mereat.

1519 1229 1557 1286 §.
1600 1231 1671 1273 10.

665 1313 887 1372 Proposui
923 1329 1036 1372 quae
1073 1313 1129 1354 de
1168 1328 1274 1354 voce
1322 1308 1525 1372 ἱόμωρος
1559 1310 1735 1355 duobus
1771 1310 1859 1354 illis
1893 1310 2005 1355 locis
2051 1311 2147 1354 iure
2189 1309 2339 1372 aliquo
2385 1310 2514 1354 statui
2549 1323 2658 1371 pos-

533 1394 617 1436 sint
651 1391 864 1454 idemque
906 1392 983 1436 illa
1016 1393 1249 1437 statuenda
1285 1410 1381 1437 esse
1420 1409 1547 1456 nego.
1617 1397 1730 1440 Nam
1784 1411 1865 1458 ego
1912 1397 1959 1439 in
2003 1407 2195 1457 utroque
2245 1394 2347 1439 loco
2401 1394 2522 1439 vocis
2569 1394 2657 1437 vim

533 1475 902 1520 contumeliosam
936 1492 1032 1520 esse
1069 1479 1284 1521 existimo.
1363 1477 1461 1521 Hoc
1495 1489 1544 1521 ut
1577 1479 1674 1540 ipse
1712 1477 1971 1530 confirmes,
2030 1474 2264 1521 considera
2298 1474 2459 1530 modo,
2516 1492 2656 1536 quan-

529 1572 624 1601 tum
673 1557 868 1611 differat,
922 1571 1070 1603 utrum
1114 1559 1274 1622 aliquis
1318 1559 1577 1604 fortitudine
1613 1561 1797 1624 insignis
1843 1562 2066 1624 armisque
2113 1560 2353 1607 tractandis
2396 1558 2656 1622 praeclarus

529 1642 777 1705 sagittando
822 1646 953 1688 etiam
1004 1644 1194 1688 excellat
1246 1645 1335 1688 sive
1383 1646 1431 1687 in
1477 1646 1730 1698 venatione,
1790 1646 1882 1690 sive
1931 1646 1978 1688 in
2029 1643 2170 1697 ludis,
2226 1645 2315 1689 sive
2365 1643 2560 1704 denique
2608 1645 2655 1686 in

532 1743 710 1788 pugna,
771 1743 825 1769 an
860 1728 907 1769 in
943 1728 1111 1788 sagittis
1160 1726 1267 1772 solis
1310 1741 1552 1789 occupatus
1604 1741 1646 1773 et
1696 1730 1743 1772 in
1777 1746 1883 1774 arcu
1918 1728 2105 1790 gloriam
2140 1739 2333 1788 quaerat.
2426 1727 2511 1780 Qui
2567 1726 2653 1769 hoc

530 1825 667 1850 unum
701 1808 919 1859 facerent,
953 1810 1150 1869 ignavius
1188 1826 1321 1870 agere
1356 1807 1644 1864 videbantur,
1681 1829 1704 1855 a
1736 1811 2052 1856 certaminibus
2087 1808 2451 1861 excludebantur,
2491 1808 2654 1868 quibus

526 1892 690 1935 bellica
721 1893 857 1935 virtus
889 1902 932 1935 et
967 1889 1180 1933 fortitudo
1217 1890 1447 1944 valerent,
1497 1894 1628 1936 arinis
1676 1906 1925 1954 ornatuque
1975 1893 2139 1936 bellico
2186 1893 2395 1935 carebant
2431 1904 2562 1951 atque
2601 1906 2655 1931 ex

531 1973 727 2016 secunda
759 1975 853 2017 acie
892 1985 1100 2033 tanquam
1154 1990 1207 2016 ex
1244 1972 1417 2017 insidiis
1468 1975 1670 2021 hostibus
1716 1978 1956 2033 nocebant3
2011 1993 2202 2039 quorum
2249 1977 2570 2037 sagittariorum
2604 1991 2655 2017 ac

531 2056 809 2102 funditorum
847 2056 1029 2118 insignis
1066 2058 1210 2118 imago
1247 2059 1293 2100 in
1318 2058 1476 2101 Locris
1514 2061 1788 2120 conspicitur
1818 2057 1950 2121 (11.1),
1972 2060 2080 2106 713.
2104 2054 2202 2121 sq.).
2273 2056 2505 2120 Siquidem
2541 2069 2654 2101 tem-

528 2142 715 2204 poribus
764 2142 958 2185 heroicis
1005 2140 1115 2184 belli
1152 2139 1291 2202 gloria
1339 2158 1392 2184 ex
1430 2140 1596 2186 ducum
1639 2144 1798 2187 virtute
1842 2144 2122 2205 potissimum
2164 2140 2360 2203 pendet,
2401 2156 2492 2184 non
2525 2139 2654 2182 facile

534 2243 729 2286 unquam
775 2224 1049 2268 Achivorum
1090 2226 1351 2286 principes,
1396 2226 1782 2287 Agamemnonem
1827 2229 2034 2289 inquam,
2077 2224 2327 2278 Achillem,
2380 2223 2655 2267 Diomedem

535 2324 783 2369 eorumque
820 2307 1001 2361 similes,
1038 2308 1084 2350 in
1117 2309 1432 2352 certaminibus
1470 2310 1632 2371 sagittis
1667 2312 1730 2354 uti
1767 2311 2052 2372 comperisti,
2086 2309 2297 2370 quoniam
2327 2307 2374 2351 id
2405 2308 2459 2350 ab
2500 2322 2655 2349 eorum

535 2394 726 2436 virorum
760 2404 915 2435 natura
951 2392 1235 2438 abhorreret.
1307 2393 1453 2448 Quare
1491 2392 1649 2447 hastas,
1685 2394 1854 2456 gladios
1890 2393 1947 2437 ad
1976 2393 2207 2455 principes
2246 2404 2290 2435 et
2324 2391 2485 2442 fortes,
2524 2389 2654 2450 sagit-

535 2488 621 2530 tas,
659 2476 842 2528 fundas,
882 2477 926 2518 in
955 2477 1115 2537 pugnis
1154 2475 1340 2537 quidem
1376 2475 1432 2518 ad
1469 2477 1730 2531 inferiores,
1770 2496 1887 2522 nunc
1923 2478 1980 2521 ad
2017 2479 2182 2530 duces,
2218 2493 2335 2518 nunc
2372 2473 2428 2517 ad
2461 2472 2653 2516 bellato-

536 2578 605 2603 res
640 2561 896 2622 gregarios,
927 2577 1044 2603 nunc
1084 2560 1140 2603 ad
1169 2562 1465 2603 barbarorum
1500 2559 1776 2619 populorum
1811 2560 2081 2622 singularem
2115 2575 2242 2602 usum
2277 2557 2450 2601 referre
2487 2555 2654 2616 proba-

534 2643 626 2687 bile
667 2656 747 2688 cst.
817 2644 969 2703 Atque
1008 2655 1055 2685 ut
1093 2646 1262 2686 strenui
1297 2642 1570 2695 bellatores,
1619 2641 1729 2703 quid
1765 2641 1966 2704 dignitati
2007 2660 2111 2687 suae
2151 2642 2308 2702 eique,
2351 2656 2483 2700 quam
2516 2637 2654 2680 meri-

538 2727 705 2768 tissimo
746 2726 1035 2777 obtinerent,
1090 2725 1339 2768 auctoritati
1376 2736 1724 2768 consentaneum
1773 2739 1913 2779 esset,
1968 2724 2296 2787 intelligentes,
2348 2734 2571 2787 perpetuo
2608 2721 2654 2763 in

535 2811 732 2871 gravium
769 2822 813 2853 et
847 2807 1088 2851 arduarum
1119 2825 1274 2850 rerum
1306 2810 1565 2852 tractatione
1601 2811 1917 2862 versabantur,
1962 2811 2020 2853 ita
2056 2810 2308 2873 sagittarum
2341 2804 2654 2851 iaculationem

537 2891 772 2935 subdolam
803 2892 925 2936 illam
955 2904 1003 2936 ut
1037 2891 1206 2935 humile
1245 2891 1462 2953 quiddam
1495 2910 1646 2955 neque
1684 2894 1784 2937 satis
1818 2892 2024 2956 dignum,
2073 2908 2161 2955 quo
2197 2892 2339 2955 gloria
2370 2902 2654 2949 comparare-

541 2987 631 3026 tur,
666 2975 981 3037 vituperabant
1019 2987 1063 3018 et
1100 2976 1146 3017 in
1191 2975 1295 3019 vitio
1333 2988 1467 3037 atque
1515 2974 1748 3022 dedecore
1791 2978 2034 3039 ponebant.
2104 2976 2240 3021 Cuius
2275 2974 2345 3019 rei
2390 2988 2491 3017 cum
2522 2985 2655 3028 aper-
