2984 3600
376 773 534 836 μοῖρα
567 783 615 819 et
645 768 947 868 amplificata
975 769 1148 816 formae
1181 766 1421 832 μόρμερος
1437 799 1455 823 ,
1489 704 1795 828 μερμηρξξω,
1826 765 1964 812 aliae.
2022 768 2253 823 Qum
2283 768 2526 817 vocabulo-

379 871 484 901 rum
516 856 780 918 primariam
811 855 908 900 vim
943 865 990 900 ct
1021 853 1255 899 notionem
1282 852 1334 895 in
1374 846 1629 897 dividendo
1663 861 1711 895 et
1736 847 1986 896 tribuendo
2016 849 2213 913 positam
2242 852 2285 896 εἰ
2317 851 2526 899 enuclea-

379 941 467 986 tius
503 936 877 995 consideramus,
910 951 1001 985 tres
1034 934 1323 1000 potissimum
1355 918 1707 999 significationes
1739 947 1798 980 se
1822 931 2077 998 excipiunt,
2123 943 2174 981 ut
2216 932 2418 997 primum
2449 951 2528 1001 ge..

381 1020 595 1068 neraliter
623 1038 733 1086 pus
768 1020 999 1086 quaelibet
1031 1017 1261 1066 indicetur
1276 1052 1291 1074 ,
1326 1029 1424 1065 tum
1454 1016 1632 1064 ratione
1662 1013 1974 1073 considerata,
2023 1032 2140 1080 quae
2180 1013 2293 1064 deos
2328 1015 2526 1066 interce-

381 1106 450 1152 dit
479 1118 616 1170 atque
650 1106 888 1161 homines,
920 1120 974 1150 ea
1005 1121 1114 1168 pars
1150 1115 1196 1149 et
1231 1100 1435 1149 conditio
1464 1100 1769 1164 significetur,
1808 1117 1945 1165 quam
1977 1118 2005 1146 a
2037 1099 2125 1147 diis
2159 1101 2445 1148 constitutam
2477 1104 2527 1148 in

382 1190 472 1235 vita
506 1189 792 1252 experimur,
826 1185 1029 1251 denique
1063 1202 1153 1232 una
1184 1182 1265 1230 illa
1296 1201 1405 1248 pars
1444 1182 1714 1248 singularis,
1749 1183 1894 1231 fatalis
1941 1184 2293 1255 hominibusque
2327 1202 2527 1233 commu-

383 1272 456 1317 nis
491 1273 724 1336 cogitetur.
791 1271 974 1317 Etenim
1005 1267 1263 1316 hominibus
1293 1265 1409 1313 nihil
1444 1279 1513 1314 est
1551 1280 1697 1314 morte
1732 1268 1923 1322 certius,
1971 1280 2018 1314 et
2060 1284 2168 1315 vere
2201 1271 2323 1317 canit
2360 1271 2527 1317 Home-

385 1372 488 1412 rus,
522 1355 578 1400 Π.
613 1350 644 1413 ζ
655 1386 671 1411 ,
706 1350 820 1402 488

649 1448 833 1517 μοῖράν
862 1444 912 1499 δ’
944 1440 1121 1498 οὔτινά
1150 1457 1281 1516 φημι
1313 1442 1624 1515 πεφυγμένον
1659 1439 1866 1509 ἔμμεναι
1899 1442 2106 1510 ἀνδρῶν.

382 1557 463 1600 Est
511 1553 592 1599 illa
639 1553 862 1598 sententia
908 1552 1130 1598 humanae
1168 1552 1331 1597 mentis
1365 1563 1549 1596 naturae
1596 1548 1803 1613 profecto
1852 1561 2174 1605 consentanea,
2217 1562 2351 1612 atque
2395 1567 2527 1596 voces

384 1633 535 1698 μόρος
570 1648 616 1680 et
646 1634 800 1696 μοῖρα
834 1632 913 1695 (de
947 1634 1019 1680 his
1055 1635 1175 1681 enim
1209 1634 1315 1681 solis
1349 1652 1472 1679 nunc
1506 1651 1638 1696 agere
1663 1631 1853 1697 placet3)
1889 1650 1992 1679 cum
2026 1632 2265 1698 simplices,
2301 1646 2396 1680 tum
2429 1632 2524 1680 aliis

387 1716 617 1764 vocabulis
663 1715 896 1761 adiunctas
917 1750 931 1771 ,
984 1714 1166 1760 illarum
1200 1716 1337 1760 trium
1370 1716 1745 1778 significationum
1790 1735 1926 1763 unam
1964 1730 2302 1781 repraesentare
2321 1754 2334 1773 ,
2392 1737 2527 1781 quam

382 1799 579 1864 quidem'
612 1798 706 1844 loci
747 1815 904 1844 sensus
951 1800 1171 1862 proponit
1205 1813 1339 1861 atque
1377 1800 1687 1856 commendat,
1732 1801 1921 1846 Homeri
1962 1801 2095 1847 lectio
2142 1818 2215 1847 me
2270 1813 2524 1848 constanter

387 1884 555 1930 docuit.
623 1883 781 1947 Itaque
813 1883 965 1948 μοῖρα
1013 1885 1212 1947 primum
1258 1898 1499 1947 usurpatur
1556 1884 1613 1930 dc
1647 1898 1776 1948 parte
1824 1886 1916 1931 sive
1956 1885 2166 1948 portione
2202 1884 2523 1948 qualicunque,

386 1984 525 2032 quam
569 1966 730 2030 aliquis
784 1968 987 2011 nancisci
1034 1980 1207 2030 potest,
1259 1966 1395 2011 veluti
1430 1985 1571 2032 opum
1625 1968 1733 2027 (Od.
1770 1962 1826 2023 δ,
1862 1963 1994 2029 97.),
2042 1970 2132 2014 cibi
2190 1963 2302 2027 (Od.
2337 1963 2375 2022 ξ,
2412 1967 2520 2015 448.

380 2065 424 2116 ρ,
456 2052 567 2098 335.
602 2065 653 2105 τ,
686 2047 846 2105 423.),
896 2050 1041 2093 noctis
1093 2049 1166 2106 (Jl.
1201 2065 1244 2102 κ,
1281 2046 1442 2111 253),
1493 2054 1689 2115 regionis
1743 2048 1819 2111 (Jl.
1851 2067 1908 2102 π,
1944 2046 2075 2111 68),
2130 2051 2317 2094 aliarum
2366 2069 2520 2096 rerum

382 2132 495 2194 (od.
531 2149 575 2195 γ,
611 2132 689 2180 4ο.
725 2132 782 2178 J1.
819 2124 864 2188 δ,
906 2134 1010 2179 170.
1046 2146 1090 2189 0,
1131 2129 1269 2193 195.)

515 2214 805 2263 Vocabulum
840 2209 991 2277 μόρος
1012 2213 1197 2278 quidem
1231 2215 1348 2261 hanc
1377 2214 1678 2263 universalem
1704 2217 2074 2280 significationem
2106 2234 2198 2264 non
2231 2218 2368 2265 habet
2399 2218 2522 2283 apud

379 2301 658 2354 Homerum,
696 2311 853 2346 contra
892 2296 951 2345 de
985 2298 1030 2346 vi
1066 2297 1261 2361 quadam
1300 2296 1443 2354 fatali,
1500 2316 1634 2362 quam
1667 2300 1715 2345 in
1750 2300 1838 2347 vita
1875 2301 2068 2347 humana
2106 2300 2253 2347 valere
2298 2301 2522 2348 existima-

378 2386 511 2438 bant,
550 2385 809 2448 saepissime
845 2396 1100 2446 usurpatur.
1184 2383 1340 2447 Itaque
1371 2383 1483 2430 haec
1514 2382 1653 2431 altera
1686 2385 1838 2441 notio,
1892 2402 2028 2449 quam
2062 2383 2253 2431 eandem
2286 2384 2408 2431 dicas
2442 2401 2521 2447 ge-

378 2467 603 2521 neralem,
640 2484 775 2529 saepe
810 2465 963 2511 locum
990 2466 1128 2511 habet
1161 2466 1208 2511 in
1243 2467 1516 2513 carminibus
1549 2468 1816 2524 homericis,
1849 2481 1898 2515 ut
1927 2485 2069 2533 quum
2101 2468 2270 2516 Hector
2291 2466 2518 2515 Achillem

381 2549 648 2615 alloquitur,
683 2549 738 2594 Jl.
773 2564 829 2612 χ,
866 2550 974 2596 280.

645 2639 914 2707 ἤμβροτες,
948 2637 1051 2688 οὐδ’
1089 2637 1190 2703 ἄρα
1221 2638 1294 2685 πώ
1329 2656 1380 2685 τι
1400 2675 1414 2697 ,
1451 2640 1585 2693 <Ξθεοῖς
1620 2638 1845 2687 ἐπιείκελ’
1873 2638 2139 2706 Ἀχιλλεῦ,

641 2728 693 2773 ἑκ
728 2723 851 2780 Διὸς
884 2721 1057 2780 ήείδεις
1091 2723 1184 2771 τὸν
1218 2723 1337 2785 ἐμὸν
1373 2723 1550 2789 μόρον,
1585 2720 1694 2779 ἤτοι
1733 2719 1850 2789 ’ἔφης
1884 2742 1948 2788 7⁶·-

378 2825 451 2871 De
481 2840 591 2871 voce
624 2825 778 2889 μοῖρα
810 2824 901 2869 hoc
936 2820 1196 2886 exemplum
1229 2821 1507 2876 adscribam,
1543 2821 1631 2865 Od.
1670 2836 1718 2877 ε,
1759 2821 1864 2868 114.

641 2921 753 2968 ἀλλ’
786 2918 862 2968 ἐ’τι
896 2920 944 2967 οἱ
975 2919 1106 2985 μοῖρ’
1142 2913 1255 2968 ἐστὶ
1290 2919 1465 2986 φίλους
1495 2921 1543 2967 τ’
1579 2918 1743 2971 ἰδέειν.

378 3018 472 3066 Cfr.
506 3018 561 3064 Jl.
599 3033 655 3074 η,
693 3017 770 3064 52.
