2984 3600
2554 1 2563 8 a
2574 0 2585 32 ἶ
2594 0 2606 12 r
2650 1 2656 6 τ
2667 0 2944 34 ἶ..ἒςκ-τώςῒηηέξᾷμῒζὲἶῇξ
2952 0 2973 23 ’ξ’
2980 5 2984 8 ¹

2677 29 2679 31 ι
2728 31 2730 34 ᾖ
2777 27 2789 41 4
2808 22 2905 47 «pl-1:⁴⁸.
2944 26 2947 28 ’
2972 31 2975 36 v

559 541 563 545 k
1458 487 1498 547 §-
1522 490 1565 534 7.
2206 546 2216 556 ⁹

584 569 658 614 Ad
691 570 836 630 ipsai'n
867 570 1296 634 interpretationem
1327 581 1378 615 ut
1410 548 1687 615 transsenmns
1697 602 1713 625 ,
1760 580 1829 614 est
1859 566 1940 614 illa
1980 570 2172 634 quidem
2203 573 2292 620 inm
2334 569 2575 637 perfacilis.

454 652 567 702 Nam
609 648 933 716 ἐγχεσίμωρος
981 652 1152 700 indicat
1200 669 1329 710 eum,
1374 654 1454 718 qui
1497 654 1633 699 hastis
1677 651 1923 699 destinatus
1957 663 2049 708 est,
2096 656 2176 718 qui
2218 667 2376 721 suapte
2421 666 2577 701 natura

451 734 610 779 ductus
653 736 702 779 in
746 736 881 782 hastis
930 737 1174 784 tractandis
1229 749 1458 794 versatur,
1521 736 1601 802 qui
1632 734 1694 782 ad
1725 734 1872 782 hastas
1906 734 2016 782 scite
2058 734 2315 786 iaculandas
2358 751 2485 786 natus
2532 751 2578 786 et

448 828 579 879 aptus
628 830 705 862 est.
782 819 936 877 Quare
968 823 1139 867 strenui
1182 821 1430 868 bellatores
1477 819 1601 885 apud
1630 820 1889 870 Homerum
1922 813 2201 875 indicantur,
2257 821 2337 884 qui
2378 822 2576 870 cominus

446 909 649 964 pugnant
682 912 820 966 atque
845 890 1118 970 'fortitudine
1153 905 1350 971 insignes
1383 904 1625 960 hahentur,
1659 904 1872 949 nimirum
1905 898 2192 968 ἀγχέμαχα
2206 898 2308 966 [(11.
2332 918 2378 957 v,
2402 901 2468 968 5.)
2499 904 2575 955 vel

447 975 754 1045 ἐγχέσπαλοι
786 984 928 1049 (Π.·“β,
952 985 1088 1048 131.).
1160 988 1325 1045 Quales
1365 990 1486 1034 enim
1519 988 1728 1034 homines
1759 1000 1882 1043 sunt,
1916 986 2028 1033 tales
2056 1005 2089 1032 a
2122 985 2207 1032 diis
2243 1004 2324 1033 eos
2359 990 2573 1037 constitu-

395 1114 402 1120 ,
446 1077 515 1109 tos
553 1083 670 1123 esse,
710 1069 939 1116 Homeru·
974 1071 1235 1117 existimavit
1267 1071 1417 1120 multis
1452 1071 1591 1127 locis,
1625 1083 1674 1116 ut
1705 1070 1761 1117 Jl.
1793 1086 1841 1130 α,
1875 1070 1986 1119 290.

852 1150 894 1197 έὶ
929 1148 983 1200 δέ
1016 1168 1109 1214 μιν
1134 1152 1387 1219 αἰχμητὴν
1418 1149 1600 1201 ἔθεσαν
1633 1150 1744 1199 θεοὶ
1778 1151 1887 1200 αἰὲν
1918 1147 2099 1208 ἐόντες,

844 1231 1052 1281 τοῦνεκά
1084 1237 1132 1282 οἱ
1164 1236 1466 1301 προθέουσιν
1496 1231 1688 1284 ὀνείδεα
1721 1234 2062 1295 μυθήσασθαι
2070 1253 2086 1291 3

444 1319 551 1362 Post
584 1319 835 1367 Homerum
867 1337 1026 1366 vocem
1067 1315 1396 1384 ε’γχεσίμωρος
1444 1334 1488 1366 et
1530 1319 1783 1384 simplicem
1826 1331 1872 1363 et
1912 1316 2057 1383 gradu
2102 1322 2403 1382 comparativo
2450 1324 2571 1385 posi-

446 1413 532 1444 tam
564 1402 716 1446 inveni
752 1403 798 1446 in
837 1404 1158 1465 epigrammate
1192 1406 1418 1450 Ammiani
1452 1403 1597 1463 (Anal.
1620 1403 1679 1458 11,
1713 1420 1758 1465 p.
1783 1399 1929 1458 389),
1966 1401 2089 1447 euius
2124 1401 2266 1447 verba
2300 1401 2413 1448 haec
2448 1415 2568 1458 sunt,

841 1484 1034 1537 Κύλλος
1068 1483 1151 1530 καὶ
1185 1486 1392 1548 Λεῦρος,
1426 1481 1516 1532 δύο
1552 1480 1809 1532 Θεσσαλοὶ
1843 1479 2178 1546 ἐγχεσίμωροι.

974 1567 1166 1621 Κύλλος
1195 1565 1245 1614 ἐκ
1279 1570 1469 1616 τούτων
1502 1564 1954 1633 ἐγχεσιμωρότερος.

442 1650 614 1705 Quibus
651 1651 854 1694 versibus
902 1651 1146 1695 verisimile
1198 1664 1284 1705 est,
1331 1651 1701 1714 significationem
1744 1662 1980 1712 receptam
2021 1667 2119 1694 esse
2156 1649 2386 1713 vulgarem
2430 1650 2568 1703 illam,

440 1734 739 1796 improbatam
774 1751 799 1777 a
835 1735 989 1788 nobis,
1036 1747 1085 1779 ut
1118 1732 1440 1800 ἐγχεσίμωρος
1475 1735 1601 1780 idem
1636 1735 1719 1790 sit,
1769 1733 1894 1797 quod
1928 1729 2275 1797 ἐγχεσίμαργος
2310 1733 2354 1777 h.
2392 1752 2430 1778 e.
2462 1736 2569 1785 τοῖς

439 1813 606 1880 ἔγχεσι
641 1816 933 1877 μαινόμενος
968 1819 1131 1882 (Etym.
1168 1822 1289 1875 313,
1323 1825 1363 1867 7.
1399 1821 1508 1864 ibid.
1547 1820 1657 1873 313,
1698 1816 1802 1875 14).
1871 1819 2029 1881 Itaque
2072 1829 2145 1864 aut
2186 1833 2277 1863 non
2314 1818 2567 1870 miraberis,

436 1899 590 1941 salsam
627 1902 747 1943 vocis
786 1901 1158 1963 explicationem,
1211 1903 1296 1947 sed
1332 1903 1481 1948 multis
1525 1917 1728 1948 veterum
1779 1900 2015 1963 probatam
2057 1902 2256 1963 reperiri
2298 1900 2420 1963 apud
2452 1903 2565 1945 scri-

434 1994 615 2043 ptorem
651 1982 892 2027 deterioris
938 1997 982 2029 et
1011 1999 1142 2031 notae
1189 1998 1234 2030 et
1271 1989 1449 2041 aetatis,
1507 2003 1645 2049 quem
1678 1986 1868 2030 Homeri
1904 2001 2059 2029 sensus
2094 1984 2290 2039 latebat,
2344 1997 2417 2030 aut
2453 2001 2564 2030 con-

433 2065 549 2107 sulto
585 2082 745 2110 vocem
779 2066 905 2112 illam
942 2084 995 2112 ex
1018 2064 1277 2131 μωραίνειν
1313 2070 1495 2116 ductam
1533 2087 1630 2115 esse
1663 2081 1856 2124 statues,
1886 2081 1935 2114 ut
1973 2067 2032 2113 ad
2065 2067 2405 2114 similitudinem
2438 2069 2560 2115 vocis

431 2151 690 2194 homericae
726 2150 908 2196 ridiculi
944 2151 1117 2214 aliquid
1148 2153 1427 2215 praeberet3
1462 2171 1564 2198 nam
1600 2153 1754 2216 Cyllus
1789 2152 1868 2197 ille
1908 2165 1952 2198 et
1990 2154 2179 2207 Leurus,
2217 2171 2399 2217 quoquo
2425 2153 2560 2199 modo

429 2236 609 2278 nomina
635 2252 792 2280 eorum
823 2237 1162 2299 interpretaris,
1197 2236 1266 2280 his
1286 2237 1492 2281 versibus
1532 2236 1807 2300 exagitantur
1831 2234 1952 2281 haud
1989 2235 2127 2281 dubie
2162 2249 2370 2299 tanquam
2389 2254 2561 2300 pugna-

431 2328 552 2359 tores
584 2316 690 2360 fatui
727 2318 945 2381 hastaque
978 2319 1136 2380 inepte
1174 2329 1365 2362 utentes.

562 2400 686 2453 Quae
725 2400 783 2444 de
832 2417 942 2445 voce
996 2393 1324 2461 ἕγχεσίμωρος
1371 2399 1492 2462 apud
1527 2400 1775 2444 Homerum
1812 2402 2065 2454 statuimus,
2117 2399 2267 2443 valent
2302 2398 2463 2443 eadem
2499 2399 2556 2442 de

427 2503 537 2528 voce
574 2480 801 2545 ὶόμωρος,
853 2497 1173 2546 praeterquam
1223 2485 1348 2547 quod
1401 2486 1459 2530 de
1514 2487 1770 2546 sagittarum
1826 2502 1906 2529 usu
1946 2497 2072 2528 recte
2117 2483 2408 2529 iudicandum
2463 2497 2553 2537 est3

428 2587 568 2630 quare
606 2567 912 2631 significantur
947 2568 1000 2619 ii,
1036 2569 1113 2630 qui
1148 2586 1224 2611 sua
1259 2566 1412 2613 indole
1453 2581 1497 2612 et
1528 2567 1586 2611 de
1624 2566 1816 2611 deorum
1851 2566 2076 2612 voluntate
2121 2567 2286 2628 sagittis
2322 2566 2550 2611 mittendis

431 2654 636 2713 ocpupati
672 2630 785 2695 sunt.

556 2735 767 2797 Denique
814 2729 1128 2797 ὑλακόμωροι
1171 2730 1255 2775 soli
1301 2749 1432 2777 canes
1475 2730 1709 2786 dicuntur,
1764 2732 1976 2794 quoniam
2024 2748 2110 2794 per
2156 2731 2253 2777 dies
2299 2743 2550 2793 noctesque

424 2816 630 2861 latrando
668 2817 812 2862 dediti
847 2829 959 2862 sunt.
1030 2817 1193 2878 Neque
1234 2816 1354 2859 enim
1388 2815 1530 2859 ullum
1566 2814 1727 2860 animal
1763 2816 2045 2877 reperiatur,
2091 2814 2215 2877 quod
2250 2828 2367 2860 tanta
2402 2817 2551 2876 impu-

425 2899 575 2943 dentia
614 2914 658 2944 et
694 2913 810 2944 tanta
855 2900 983 2963 quasi
1017 2898 1339 2944 vociferatione
1376 2900 1581 2944 homines
1617 2898 1796 2959 fatiget,
1855 2914 1988 2959 quam
2025 2898 2167 2951 canis,
2215 2915 2305 2943 non
2341 2910 2549 2942 strenuus

422 2983 568 3028 solum
605 2996 650 3030 et
682 3002 891 3047 magnus,
946 2982 1025 3028 sed
1059 2984 1192 3028 etiam
1223 2981 1404 3027 timidus
1451 2994 1496 3027 et
1539 2998 1723 3043 parvus,
1773 2981 1833 3024 ita
1867 2992 1914 3024 ut
1947 2978 2025 3025 illo
2061 2979 2220 3024 latratu
2266 2996 2357 3024 non
2398 2978 2548 3023 feritas
