2984 3600
1302 309 1365 325 ....
1440 282 1633 337 19·-

413 422 663 485 Gunaidera
694 416 1001 470 modo'verba
1031 418 1117 499 illa¹
1138 419 1354 479 Achillia,
1406 390 1569 486 quilius
1610 437 1750 486 quum
1783 419 2063 470 conviciandi
2109 418 2239 469 causa
2272 419 2512 486 alloquitur

410 506 817 572 agmen-am,
846 503 902 551 11.
934 518 982 560 a,
1015 505 1133 554 225.
1176 514 1185 520 ·

677 605 963 676 Οἱνοβαρές,
991 597 1352 673 modom?
1379 602 1527 675 ἔχων,
1558 597 1759 672 οιροιδιήὶ1
1792 601 1837 652 δ’
1868 602 2095 674 ε’λάφοιοέ

412 735 480 778 ira
513 731 641 795 quasi
673 731 947 777 obcaecatus
965 744 1117 792 neque
1148 726 1393 790 gravissimi
1429 726 1513 772 viri
1549 737 1593 770 et
1625 723 1852 796 fortissimi
1882 723 2107 769 bellatoris
2140 725 2328 790 gloriam
2361 727 2516 773 iudicii

411 814 656 863 temeritate
689 812 889 868 sustulit,
920 825 1073 873 neque
1105 809 1240 855 vitam
1272 809 1366 854 eius
1399 820 1646 855 anteactam
1676 805 1735 852 ad
1765 807 1960 852 veritatis
1993 809 2207 853 rationem
2238 811 2473 855 revocavit.

445 929 461 939 .
546 896 669 954 Quae
700 911 803 943 cum
833 894 897 940 ita
925 893 1037 949 sint,
1074 889 1189 937 nihil
1221 890 1432 955 impedit,
1476 890 1713 955 quominus
1748 890 1877 936 sicuti
1910 883 2229 955 ε’γχεσίμωρος
2263 904 2304 935 et
2331 891 2512 956 αἱχμη.

411 977 498 1033 τῆς
532 978 631 1038 (cfr.
664 976 722 1025 Jl.
754 990 806 1035 α,
838 976 950 1025 290.
978 988 1024 1037 γ,
1062 973 1168 1022 179.
1204 987 1252 1033 ε,
1285 973 1393 1023 197.
1425 989 1477 1032 η,
1516 975 1623 1023 281.
1659 972 1767 1022 289.
1803 987 1868 1031 π,
1900 971 2008 1020 431.
2053 973 2140 1018 Od.
2176 988 2246 1030 π,
2280 973 2407 1032 249..)
2454 975 2513 1021 de

410 1058 517 1106 forti
545 1075 598 1105 ac
631 1069 838 1114 strenuo,
866 1058 929 1104 ita
960 1054 1164 1122 ἰόμωρος
1197 1069 1244 1105 et
1273 1052 1474 1114 τοξότης
1499 1073 1666 1123 perse
1717 1055 1776 1103 de
1810 1057 1967 1121 ignavo
1998 1070 2129 1121 atque
2162 1055 2377 1103 insidioso
2416 1057 2512 1102 bel-

410 1142 552 1192 latore
582 1142 872 1205 accipiantur.

1390 1254 1429 1313 5.
1462 1195 1540 1298 11]

540 1363 769 1407 Postremo
801 1358 859 1404 de
887 1358 1105 1406 vocabulo
1141 1355 1412 1422 σινάμωρος
1432 1354 1475 1418 *)
1507 1370 1557 1403 ut
1589 1356 1855 1420 disputetur,
1888 1357 2007 1403 redit
2039 1358 2153 1403 illud
2181 1359 2238 1404 ad
2270 1356 2506 1405 σίνεσθαι

409 1447 498 1492 hoc
533 1456 600 1491 est
630 1444 799 1489 damno
833 1443 1045 1502 afficere,
1081 1453 1291 1494 vastare,
1325 1453 1370 1485 et
1403 1456 1504 1484 eum
1536 1439 1782 1501 significat,
1819 1440 1895 1502 qui
1929 1452 2055 1484 natus
2091 1452 2168 1494 est,
2203 1453 2252 1484 ut
2280 1441 2386 1487 alios
2420 1442 2511 1488 lae-

412 1528 488 1574 dat
521 1540 565 1573 et
597 1526 866 1572 detrimento
902 1525 1058 1571 afficiat
1086 1521 1274 1588 (Herod.
1310 1525 1368 1580 V,
1396 1524 1475 1572 92.
1509 1520 1597 1584 6.);
1640 1522 1828 1567 eandem
1859 1523 2086 1567 notionem
2130 1523 2264 1568 habet
2299 1538 2510 1585 σιναμω..

411 1614 510 1675 ρεῖν
545 1610 730 1668 (Herod.
767 1610 801 1663 I,
840 1610 945 1655 152.
979 1609 1102 1662 VIII,
1137 1606 1249 1665 35.).
1316 1605 1398 1652 Illa
1434 1607 1652 1669 cupiditas
1685 1607 1880 1653 nocendi
1927 1621 2057 1669 atque
2102 1609 2296 1670 pruritus
2343 1609 2420 1654 ille
2462 1612 2511 1655 in

411 1695 548 1740 rebus
583 1692 965 1755 qualibuscunque
998 1704 1071 1737 aut
1098 1689 1213 1736 male
1252 1688 1510 1746 tractandis,
1552 1703 1625 1736 aut
1661 1690 1925 1753 appetendis
1972 1691 2140 1753 positus
2179 1692 2227 1735 in
2273 1691 2509 1739 infantibus

414 1791 458 1824 et
489 1776 688 1841 puerulis
741 1776 1034 1837 conspicitur,
1087 1776 1164 1837 qui
1197 1791 1351 1819 manus
1392 1774 1464 1819 vix
1509 1786 1695 1837 possunt
1736 1791 1961 1828 coercere,
2011 1775 2122 1819 nihil
2171 1776 2264 1821 sere
2298 1779 2510 1825 intactum

414 1861 697 1923 relinquunt,
731 1860 893 1921 partim
922 1872 971 1903 ut
1003 1872 1169 1903 temere
1203 1857 1382 1902 laedant
1420 1869 1464 1901 et
1512 1855 1709 1912 deleant,
1753 1858 1915 1919 partim
1948 1870 2015 1912 ut,
2068 1860 2103 1902 si
2139 1859 2360 1906 esculenta
2396 1876 2509 1916 sunt,

412 1944 599 1989 bellaria
628 1946 832 2005 inquam,
868 1941 1106 1986 libidinem
1140 1958 1263 1985 suam
1297 1939 1513 2002 expleant.
1581 1941 1734 2002 Itaque
1772 1955 1955 2003 cognata
1992 1956 2055 1986 cst
2085 1942 2220 1988 altera
2254 1946 2509 2008 significatio

411 2026 613 2070 'libidinis
650 2024 900 2080 cuiusdam,
938 2041 1071 2086 quam
1104 2024 1442 2068 Atheniensium
1470 2035 1624 2068 natura
1659 2024 1902 2076 constituit,
1938 2041 2038 2066 usus
2075 2028 2235 2081 sanxit3
2276 2045 2376 2071 nam
2408 2047 2508 2075 cum

414 2110 679 2153 libidinosae
713 2109 825 2152 vitae
860 2107 1004 2151 dediti
1039 2119 1187 2150 essent
1220 2106 1277 2150 ad
1309 2124 1495 2170 eamque
1531 2108 1676 2152 omnia
1708 2107 1836 2151 facile
1877 2107 2115 2160 referrent,
2163 2127 2261 2152 eum
2297 2111 2507 2171 σινάμω-

415 2208 499 2258 ρον
534 2194 860 2245 existimarunt,
904 2193 1026 2235 cuius
1072 2193 1241 2234 animus
1285 2191 1539 2253 liguritione
1578 2190 1770 2253 quadam
1804 2190 2084 2235 vehementer
2129 2195 2321 2238 irretitus
2357 2213 2508 2241 move-

415 2292 511 2331 tur,
549 2277 781 2339 quominus
812 2292 837 2318 a
868 2274 1030 2329 rebus,
1065 2291 1173 2337 quas
1208 2273 1404 2329 affectat,
1433 2275 1504 2319 vix
1539 2274 1779 2329 abstineat,
1830 2272 1907 2317 sed
1942 2286 1988 2317 ut
2019 2277 2179 2336 partim
2214 2278 2508 2341 voluptatibus

418 2360 580 2422 cupide
615 2359 863 2420 indulgeat,
896 2359 1057 2419 partim
1093 2358 1234 2401 amori
1264 2357 1504 2401 libidinoso
1540 2359 1715 2402 serviat.
1784 2359 1987 2402 Priorem
2021 2361 2108 2402 tim
2135 2362 2341 2421 exprimit
2374 2378 2510 2408 σινα-

416 2441 656 2504 μόρευμα,
709 2457 798 2502 quo
844 2439 1060 2484 vocabulo
1091 2441 1382 2484 Pherecrates
1427 2441 1547 2503 apud
1579 2444 1723 2503 Etym.
1762 2443 1867 2495 713,
1900 2442 1976 2486 30.
2030 2459 2131 2485 usus
2168 2456 2253 2495 est,
2318 2457 2364 2488 ut
2397 2447 2509 2491 furta

418 2509 672 2586 designaret
704 2523 957 2585 liguritione
994 2523 1236 2570 commissa.
1304 2524 1431 2570 Hanc
1472 2524 1840 2587 significationem
1883 2541 2064 2585 prorsus
2109 2525 2300 2587 neglexit
2341 2528 2510 2573 Phere-

420 2608 548 2652 cratis
601 2604 747 2651 editor
792 2623 837 2667 p.
873 2609 946 2653 77.
1007 2623 1143 2669 quum
1192 2608 1253 2651 ita
1305 2608 1482 2662 scribit,
1539 2605 2068 2669 σιναμορεύματα·
2127 2605 2190 2650 τὰ
2234 2603 2511 2669 κλέμματα.

492 2774 524 2818 *)
551 2772 611 2808 Sic
637 2771 849 2807 recentiores
874 2772 1051 2807 Herodoti
1078 2772 1233 2809 editores
1258 2778 1351 2808 recte
1377 2772 1644 2816 exhibuerunt,
1673 2772 1898 2812 Gaisfordus,
1935 2771 2129 2814 Matthiae,
2170 2774 2366 2819 Baehrius3
2409 2787 2510 2814 antea

562 2836 652 2877 alii,
692 2836 972 2881 Wesselingius‚
1010 2837 1172 2880 Reizius,
1212 2849 1233 2871 o
1270 2836 1379 2873 breve
1416 2838 1657 2885 scripserant,
1706 2836 1940 2870 inconstantia
1979 2836 2089 2871 ducti.
2156 2837 2228 2872 Cfr.
2269 2840 2422 2877 Lobeck.
2470 2846 2513 2878 ad

557 2900 742 2946 Phrynich.
767 2913 801 2948 p.
829 2901 909 2947 690.
